2087 2914
420 166 426 173 .
465 126 576 180 DE
611 128 1004 192 AMIGJTIA
1074 129 1241 185 cAP.
1274 128 1467 186 2223.
1698 128 1767 184 63

176 231 418 295 stimant,
439 231 731 285 libidinum
755 241 1224 302 peccatorumque
1244 236 1487 287 omnium
1506 240 1700 302 patere
1710 234 1771 287 in

172 302 420 355 amicitia
441 301 737 354 licentiam.
780 302 1065 357 Virtutum
1089 305 1337 373 amicitia
1356 304 1599 356 adiutrix
1620 319 1657 357 a
1678 319 1773 356 na-

171 379 301 425 tura
321 371 457 423 data
479 377 582 434 est,
625 387 738 423 non
757 372 1018 427 vitiorum
1041 388 1257 427 comes:
1290 380 1375 437 ut,
1406 374 1665 441 quoniam
1686 388 1773 425 so·

171 440 362 493 litaria
391 448 722 508 non-posset
747 442 925 494 virtus
957 443 1030 495 ad
1068 459 1161 505 ea,
1205 459 1347 510 quae
1376 447 1597 495 summ
1628 452 1771 503 sunt,

172 510 476 577 pervenire,
507 511 802 561 coniuncta
819 518 876 563 et
898 514 1219 565 consociata
1238 528 1361 563 eum
1383 513 1565 565 altera
1584 525 1775 579 perv&
1816 553 1822 558 .

171 580 344 631 niret:
369 593 510 645 quae
531 580 578 629 si
599 594 740 647 quos
755 580 905 641 inter
925 581 1165 633 societas
1186 587 1283 633 aut
1296 586 1399 645 est,
1418 579 1654 643 autfuit,
1675 585 1775 633 aut

170 649 364 701 futura
387 654 488 710 est,
521 664 710 700 eorum
734 657 822 701 est
841 648 1127 703 habendus
1149 649 1221 701 ad
1243 666 1519 702 summum
1538 657 1775 703 naturae

171 718 375 771 bonum
401 717 642 785 optimus
660 720 1129 787 beatissimusque
1152 720 1467 774 comitatus.
1502 719 1589 772 84.
1612 720 1775 771 Haec

170 791 272 849 est,
293 787 534 853 inquam,
567 789 828 849 societas,
855 790 920 839 iu·
936 804 1047 855 qua
1068 790 1257 841 omnia
1279 790 1486 851 insunt,
1508 804 1649 856 quae
1672 803 1772 856 pu-

172 862 298 910 tant
317 854 566 907 homines
580 857 916 923 expetenda,
927 856 1208 919 honestas,
1232 859 1434 926 gloria,
1459 856 1773 924 tranquilli-

169 934 260 980 tas
283 925 470 988 animi,
511 932 678 993 atque
701 927 1049 977 iucunditas:
1096 932 1177 986 ut,
1213 941 1381 993 quum
1402 926 1542 978 haec
1566 926 1773 985 adsint,

169 995 343 1047 beata
377 995 496 1046 vita
537 996 632 1056 sit,
679 1000 737 1047 et
777 996 898 1047 sine
930 993 1020 1045 his
1052 1010 1173 1047 esse
1202 1010 1312 1045 non
1345 994 1539 1061 possit.
1611 992 1771 1055 Quod

170 1080 338 1134 quum
359 1065 629 1130 optimu-m
654 1064 1068 1131 maximumque
1090 1064 1189 1127 sit,
1230 1065 1277 1115 si
1299 1063 1355 1115 id
1382 1064 1634 1115 volumus
1660 1061 1778 1115 adi-

110 1172 132 1185 Ι
167 1134 329 1203 pisci,
358 1133 558 1185 virtuti
579 1149 750 1201 opera
771 1134 952 1187 danda
972 1142 1085 1199 est3
1124 1135 1245 1186 sine
1267 1150 1378 1201 qua.
1394 1149 1571 1201 neque
1590 1132 1777 1184 amic-i·

167 1205 334 1266 tiam,
378 1218 554 1271 neque
575 1203 744 1255 ullam
767 1211 884 1264 rem
907 1204 1274 1270 expetendam
1298 1203 1561 1271 consequi
1583 1218 1775 1270 possu-

165 1288 307 1325 mus.
380 1273 465 1323 Ea
485 1288 618 1325 vero
650 1274 932 1340 neglecta,
973 1274 1067 1341 qui
1089 1290 1149 1325 se
1171 1274 1383 1325 amicos
1406 1272 1611 1325 habere
1632 1272 1776 1324 arbi-

166 1348 408 1402 trantur,
451 1347 568 1393 tum
589 1358 654 1395 se
673 1344 908 1411 denique
930 1358 1147 1394 errasse
1168 1343 1442 1406 sentiunt,
1488 1357 1653 1409 quum
1674 1356 1773 1393 eos

169 1414 358 1482 gravis
381 1410 602 1477 aliquis
646 1428 816 1466 casus*
837 1412 1081 1481 experiri
1111 1412 1280 1480 cogit.
1351 1410 1438 1465 85.
1478 1412 1774 1474 Quocirca,

171 1481 484 1548 (dicendum
507 1488 593 1534 est
613 1485 756 1535 enim
776 1485 1042 1550 saepius,)
1075 1482 1618 1549 quum-iudicaveris,
1650 1481 1775 1532 dili-

167 1567 302 1622 gere
322 1557 572 1619 oportet:
617 1568 753 1614 non,
795 1569 961 1621 quum
995 1552 1285 1613 dilexeris,
1321 1551 1592 1603 iudicare.
1661 1548 1775 1603 Sed

169 1637 340 1690 quum
366 1621 554 1672 multis
573 1622 632 1672 in
653 1621 816 1674 rebus
834 1620 1186 1688 negligentia
1200 1620 1510 1686 plectimur,
1532 1625 1651 1670 tum
1662 1633 1775 1670 ma·

165 1693 320 1745 xime
336 1691 411 1741 in·
424 1690 696 1743 amiciset
716 1690 1025 1758 deligendis
1048 1696 1105 1741 et
1124 1689 1391 1740 colendis.
1448 1689 1774 1755 Praeposte-

165 1762 248 1815 ris
269 1760 419 1814 enim
441 1760 651 1812 utimur
673 1761 940 1823 consiliis,
965 1766 1023 1812 et
1046 1765 1175 1810 acta
1194 1757 1426 1826 agimu‘s,
1455 1757 1601 1828 quod
1624 1765 1775 1810 veta·

165 1847 294 1885 mur
317 1830 494 1884 veteri
515 1831 832 1897 proverbio.
904 1830 1051 1882 Nam
1069 1828 1343 1894 implicati
1367 1830 1513 1880 ultro
1538 1833 1595 1880 et
1618 1827 1776 1884 citro.

167 1902 263 1954 vel
285 1916 402 1952 usu.
415 1899 697 1962 diuturno,
719 1901 810 1951 vel
833 1899 1002 1951 etiam
1023 1895 1241 1958 officiis,
1264 1906 1489 1962 repente
1513 1897 1569 1946 in
1592 1895 1775 1949 medio

167 1969 655 2032 cursu-amicitias,
695 1973 895 2020 exorta
910 1967 1099 2034 aliqua
1122 1965 1445 2035 offensione,
1486 1965 1779 2032 disrumpi·

165 2055 312 2093 mus.
384 2038 586 2091 xxm.
623 2039 708 2090 86.
731 2039 854 2101 Quo
889 2039 1061 2090 etiam
1092 2036 1269 2105 magis
1301 2034 1673 2103 vituperanda
1693 2042 1781 2087 est

167 2111 259 2166 rei
279 2109 519 2161 maxime
535 2108 1061 2161 necessariae'tanta
1078 2107 1316 2159 incuria.
1384 2106 1505 2158 Una
1526 2111 1611 2159 est
1632 2105 1781 2158 enim

169 2179 508 2232 amicitia-in
529 2179 693 2232 rebus
713 2177 990 2242 humanis,
1036 2177 1118 2228 de·
1139 2177 1295 2228 cuius
1315 2176 1561 2229 utilitate
1586 2189 1779 2226 omnes

173 2264 290 2301 uno
315 2263 413 2300 ore
435 2250 802 2302 consentiunt.
873 2248 1223 2315 Quamquam
1251 2261 1285 2297 a
1314 2247 1504 2298 multis
1527 2245 1653 2310 ipsa
1673 2243 1780 2293 vir·

170 2324 268 2371 tus
292 2318 681 2380 contemnitur,
703 2324 762 2370 et
783 2317 1091 2370 venditatio
1114 2315 1384 2382 quaedam
1405 2321 1573 2382 atque
1596 2317 1779 2363 osten-

171 2389 324 2442 tatio
348 2403 470 2441 esse
494 2387 716 2439 dicitur.
785 2386 958 2438 Multi
988 2385 1214 2436 divitias
1240 2383 1579 2451 despiciunt,
1623 2393 1781 2449 quos,

217 2473 354 2510 arv-o
389 2464 704 2520 contentos,
743 2456 929 2509 tenuis
956 2455 1137 2506 victus
1182 2453 1473 2519 cultusque
1507 2451 1778 2502 delectam

172 2473 424 2580 Eoum-es
449 2541 854 2595 vero‚.quorum
877 2524 1187 2592 cupiditate
1202 2521 1425 2588 quidam
1439 2519 1778 2572 inflamman-

173 2605 295 2660 tur,
323 2611 482 2664 quam
507 2597 668 2649 multi
689 2597 774 2648 ita
799 2598 1173 2654 contemnunt,
1196 2598 1267 2642 ut
1282 2589 1419 2640 nibil
1439 2591 1677 2651 inanius,
1699 2587 1781 2638 ni·

161 2664 264 2721 lul
304 2666 492 2722 letius.
531 2681 654 2721 esse
685 2665 1020 2722 existiment.
1092 2663 1341 2729 Itemque
1380 2667 1595 2725 cetera,
1637 2669 1779 2726 quae

1350 2800 1362 2833 x
1418 2790 1426 2810 l
