2087 2914
292 57 401 113 452
497 48 1717 113 TUSCULAN.DJSPUTA'1·10NUM

296 170 360 211 ut
391 160 658 227 stirpibus
691 162 808 214 suis
836 162 1139 225 niteretur,
1180 160 1242 212 in
1270 175 1371 213 suo
1412 158 1671 229 quodque
1703 174 1942 227 genere
2001 218 2002 231 ἢ

290 228 603 299 perfectum
635 245 758 283 esse
788 230 986 283 voluit.
1058 231 1253 298 ltaque
1282 236 1340 282 et
1360 232 1621 293 arbores,
1662 235 1726 282 et
1746 230 1941 294 vites,
2001 234 2002 307 Q

291 304 352 353 et
371 316 462 361 ea,
505 315 646 367 quae
667 308 794 353 sunt
811 299 1143 363 humiliora,
1186 315 1367 369 neque
1397 315 1457 351 se
1480 299 1681 352 tollere
1703 314 1741 351 a
1764 304 1944 353 terra
2001 314 2002 319 ¹

201 436 205 441 .
293 367 464 423 altius
485 376 741 439 possunt3
779 370 892 421 alia
911 384 1026 437 sem
1070 386 1131 423 er
1148 370 1349 433 virent,
1378 369 1509 432 alia,
1539 367 1723 421 hieme
1744 370 1937 421 nuda-

293 447 375 502 ta,
415 454 588 493 verno
607 446 862 508 tempore
881 446 1012 508 tepo
1043 446 1174 492 acta
1190 438 1580 491 frondescunt:
1621 454 1815 509 neque
1842 445 1937 491 est

293 508 470 561 ullum
481 544 498 572 ,
538 508 688 576 quod
708 524 818 561 non
849 509 934 561 ita
951 510 1145 577 vigeat
1164 509 1440 562 interiore
1462 508 1715 578 ,quodam
1737 515 1929 571 motu,

295 586 353 630 et
375 579 492 629 suis
519 578 581 629 in
614 592 834 646 quoque
861 580 1169 632 seminibus
1200 578 1463 642 inclusis,
1502 583 1569 630 ut
1596 584 1695 629 aut
1722 576 1929 641 flores,

299 652 396 700 aut
415 648 608 716 fruges
628 646 846 712 fundat,
871 654 968 701 aut
989 641 1529 715 baccasssomniaque
1547 648 1609 699 in
1630 648 1927 709 omnibus,

292 718 1613 850 ffssssffig.¹3323¹513¹22x¹2ffi²33222233‚2
1638 716 1927 863 55⁰3*ss

297 871 489 909 sensus
511 873 546 909 a
565 863 768 910 natura
787 864 874 911 est
890 858 1077 925 dutus,
1106 859 1193 912 vis
1214 857 1392 925 ipsius
1414 863 1647 910 naturae
1666 856 1925 925 perspici

297 932 499 995 potest.
573 926 828 996 Namque
861 929 1008 981 alias.
1021 929 1237 982 bestias
1266 934 1465 981 nantes
1479 964 1495 990 ,
1536 940 1818 994 aquarum
1843 927 1923 977 in·-

296 996 454 1049 colas
477 1012 603 1049 esse
627 997 837 1049 voluit:
880 999 1022 1051 aiias
1050 998 1333 1061 volucres,
1374 997 1537 1049 caelo
1565 994 1920 1048 frui‘libero:

294 1072 584 1135 serpentes
603 1065 898 1133 quasdam’:
924 1067 1190 1137 quasdam
1214 1083 1335 1120 esse
1348 1066 1697 1135 gradientes:
1723 1078 1926 1118 earum

296 1136 540 1203 ipsarum
567 1136 769 1201 partim
792 1136 1101 1205 solivagas,
1142 1137 1345 1205 partim
1376 1141 1773 1205 congregatas:
1818 1136 1926 1186 im-

298 1218 490 1259 manes
511 1204 670 1269 alias,
711 1205 980 1272 quasdam
1002 1213 1190 1258 autem
1214 1205 1457 1271 cicures;
1497 1204 1798 1257 nonnullas
1824 1205 1925 1256 ab·

297 1274 462 1337 ditas,
483 1280 743 1341 terraque
763 1281 958 1329 tectas.
994 1276 1173 1343 Atque
1184 1290 1372 1327 earum
1396 1288 1830 1341 quaequesuum
1839 1280 1931 1326 te-

297 1360 432 1396 nens
454 1358 669 1404 munus,
692 1354 860 1409 quum
881 1346 945 1393 in.
963 1344 1209 1409 disparis
1231 1342 1532 1393 animantis
1542 1342 1721 1394 vitam
1736 1350 1926 1397 trans·

296 1414 380 1466 ire
402 1427 512 1464 non
543 1412 747 1482 possit,
791 1415 981 1465 manet
1001 1411 1063 1462 in
1090 1410 1216 1478 lege
1236 1415 1500 1463 naturae:
1541 1416 1599 1464 et
1628 1418 1695 1472 ut
1712 1410 1922 1468 bestiis

295 1481 453 1536 aliud
477 1481 574 1533 alii
593 1481 881 1551 praecipui
913 1496 948 1533 a
966 1487 1173 1534 natura
1200 1480 1394 1533 datum
1422 1487 1537 1544 est,
1575 1479 1725 1548 quod
1745 1497 1919 1537 suum

296 1567 548 1621 quaeque
566 1551 788 1616 retinet,
807 1549 911 1606 nec
932 1550 1173 1604 discedit
1196 1551 1265 1603 ab
1288 1565 1383 1604 eo:
1406 1551 1487 1603 sic
1504 1548 1719 1604 homini
1728 1555 1919 1608 multo

299 1621 562 1692 quiddam
589 1623 990 1690 praestantius:
1021 1623 1132 1674 etsi
1150 1621 1499 1689 praestantia
1520 1620 1723 1674 debent
1741 1624 1919 1675 ea'di·

299 1694 370 1758 ci,
391 1699 540 1762 quaes
555 1692 762 1745 habent
779 1691 1023 1761 aliquam
1046 1691 1544 1759 comparationem.
1612 1691 1917 1746 'Humanus

301 1769 490 1815 autem
513 1763 749 1826 animus,
780 1763 1075 1832 decerptus
1097 1777 1169 1814 ex
1186 1767 1371 1821 mente
1392 1761 1609 1826 divina,
1646 1769 1771 1813 cuin
1794 1764 1913 1816 alio

299 1831 476 1897 nullo,
495 1833 610 1884 nisi
629 1847 754 1884 cum
773 1833 900 1900 ipso
922 1831 1065 1895 Deo,
1086 1833 1137 1884 si
1153 1830 1262 1884 hoc
1280 1831 1367 1884 fas
1388 1837 1477 1884 est
1496 1831 1667 1894 dictu,
1690 1845 1914 1900 compa-

301 1905 421 1955 rari
442 1908 642 1972 potest.
719 1901 804 1956 39.
825 1903 941 1955 Hic
958 1902 1151 1974 igitur,
1172 1901 1220 1953 si
1242 1907 1329 1954 est
1350 1901 1619 1973 excultus,
1642 1908 1699 1955 et
1718 1903 1769 1953 si
1791 1903 1913 1968 eius

303 1975 456 2025 acie-s
475 1973 560 2025 ita
580 1978 775 2025 curata
795 1978 898 2036 est,
919 1977 1077 2048 ut1ne
1098 1977 1360 2024 caecetur
1377 1972 1771 2038 erroribusfflt
1790 1986 1912 2038 per·
2001 1997 2002 2000 ¹

302 2042 455 2096 fecta
475 2057 647 2104 mens,
669 2025 854 2104 id&
876 2041 1136 2094 absoluta
1153 2042 1331 2094 ratio:
1358 2041 1508 2110 quod
1530 2047 1618 2094 est
1632 2041 1784 2095 idem
1803 2043 1912 2094 vir-

185 2165 195 2172 ,
235 2161 240 2165 ,
301 2117 414 2164 tus.
470 2111 562 2174 Et,
585 2111 631 2162 si
658 2112 1067 2164 omne-beatum
1090 2117 1192 2175 est,
1212 2111 1305 2164 cui
1323 2109 1468 2163 nihil
1488 2109 1647 2164 deest
1682 2119 1740 2166 et
1762 2111 1914 2178 quod

303 2183 365 2234 in
385 2195 486 2234 suo
506 2195 709 2250 genere
727 2181 1009 2250 expletum
1037 2186 1207 2249 atque
1230 2182 1577 2234 cumulatum
1598 2187 1709 2246 est,
1748 2181 1910 2250 idque

305 2251 534 2307 virtutis
556 2257 641 2305 est
658 2245 760 2318 pro
779 2269 782 2272 ·
799 2251 972 2304 rium:
995 2257 1148 2305 certe
1171 2266 1361 2315 omnes
1380 2251 1609 2306 virtutis
1628 2258 1911 2319 compotes

303 2320 459 2374 beati
481 2327 625 2374 sunt.
673 2321 750 2372 Et
806 2337 875 2374 oc
892 2319 1118 2389 quidem
1138 2320 1277 2372 mihi
1297 2337 1420 2374 eum
1440 2321 1619 2374 Bruto
1643 2323 1913 2386 convenit,

309 2392 447 2443 item
469 2407 590 2442 cum
611 2389 934 2454 Aristotele,
956 2391 1291 2455 Xenocrate,
1315 2391 1646 2460 Speusippo,
1666 2391 1915 2446 Polemo·

303 2459 390 2510 n'e.
427 2457 575 2513 x1V.
593 2461 682 2514 40.
696 2460 803 2514 Sed
817 2459 1223 2514 mihividentur
1232 2462 1399 2514 etiam
1409 2462 1741 2516 beatissimi.
1770 2461 1913 2530 Quid

305 2528 452 2578 enim
485 2530 646 2583 deest
677 2530 752 2582 ad
778 2534 948 2586 beate
978 2529 1275 2584 vivendum
1310 2533 1388 2595 ei,
1431 2533 1526 2600 qui
1556 2533 1783 2588 confidit
1800 2537 1913 2590 suis

304 2597 502 2650 bonis!
543 2605 664 2665 aut,
703 2605 804 2667 qui
826 2600 1063 2666 diffidit,
1104 2600 1307 2655 beatus
1336 2617 1459 2657 esse
1480 2607 1577 2670 qut
1592 2606 1807 2672 potest?
1844 2610 1913 2662 At
