2087 2914
324 102 432 157 462
518 100 1745 159 TUSCULAN.DISPUTAT10NUM

324 204 582 273 sepulcro
613 205 910 274 sphaeram
929 223 1053 261 esse
1072 208 1319 277 positam
1350 223 1474 263 cum
1496 208 1777 279 cylindro.
1854 210 1948 267 65.

234 282 243 287 ’
321 276 446 343 Ego
483 281 700 339 autem,
743 292 910 344 quum
951 279 1141 331 omnia
1176 278 1563 333 collustrarem
1595 279 1775 331 oculis
1822 284 1951 345 (est

319 346 470 399 enim
499 345 572 399 ad
600 352 793 415 portas
812 344 1155 401 Achradinae
1178 346 1385 416 magna
1412 347 1728 417 frequentia
1752 352 1949 419 sepul·

321 420 572 479 crorum)
595 415 964 469 animadverti
999 418 1359 471 columellam
1386 433 1499 471 non
1526 418 1761 471 multum
1786 435 1821 472 e
1845 421 1949 473 du·

319 485 430 539 mis
449 487 806 539 eminentem:
849 485 908 537 in
939 486 1253 553 quaiaerat
1272 486 1543 556 sphaerae
1562 489 1745 557 figura
1764 495 1827 542 et
1848 506 1947 561 cy·

320 554 510 607 lindri.
578 557 762 622 Atque
791 570 897 625 ego
917 557 1113 610 statim
1136 556 1505 625 Syracusanis
1532 563 1727 623 (erant
1748 566 1948 613 autem

324 624 604 692 principes
622 634 861 689 mecum)
885 626 1020 689 dixi,
1035 643 1125 681 me
1142 628 1285 681 illud
1303 629 1485 696 ipsum
1506 628 1779 681 arbitrari
1801 645 1947 692 esse,

324 692 474 762 quod
503 706 848 763 quaererem.
919 696 1163 749 lmmissi
1192 713 1319 751 cum
1350 698 1591 751 falcibus
1618 698 1783 750 multi
1816 714 1949 766 pur·

323 770 530 831 garant
549 770 609 817 et
627 772 966 832 aperuerunt
979 766 1183 820 locum.
1252 768 1345 823 66.
1382 771 1507 834 Quo
1537 782 1703 837 quum
1724 769 1950 835 patefa·
2022 794 2024 831 4

309 838 450 885 ctus
491 840 638 887 esset
679 834 896 899 aditus,
937 836 1012 889 ad
1052 837 1343 891 adversam
1372 839 1555 891 basim
1586 840 1949 894 accessimus.

323 904 644 971 Apparebat
665 905 1026 973 epigramma,
1060 908 1245 962 exesis
1266 906 1950 977 posterioribus‘partibus

325 972 746 1040 versiculorum,
773 975 1083 1030 dimidiatis
1101 978 1239 1032 fere.
1294 979 1383 1031 lta
1399 978 1751 1032 nobilissima
1770 978 1948 1033 Grae-

327 1042 454 1097 ciae
475 1043 690 1108 civitas,
729 1046 1010 1112 quondam
1028 1063 1165 1103 vero
1184 1047 1353 1103 etiam
1376 1047 1721 1111 doctissima,
1756 1050 1851 1101 sui
1872 1051 1953 1102 ci·

326 1112 416 1164 vis
445 1113 610 1165 unius
639 1114 955 1167 acutissimi
991 1125 1409 1174 monumentum
1445 1119 1791 1189 ignorasset,
1832 1121 1953 1173 nisi

327 1182 399 1233 ab
431 1178 654 1235 homine
681 1183 952 1251 Arpinate
987 1186 1304 1244 didicisset.
1376 1188 1489 1243 Sed
1528 1188 1751 1251 redeat,
1798 1190 1950 1243 unde

327 1251 632 1317 aberravit,
655 1252 856 1308 oratio.
929 1254 1069 1319 Quis
1090 1263 1179 1310 est
1198 1258 1469 1321 omnium,
1512 1258 1609 1327 qui
1629 1257 1798 1310 modo
1820 1274 1950 1311 cum

221 1350 230 1356 ·
326 1320 540 1385 Musis,
577 1323 638 1374 id
659 1330 770 1388 est,
811 1340 938 1377 cum
959 1325 1304 1381 humanitate
1344 1333 1401 1380 et
1431 1343 1555 1379 cum
1574 1327 1837 1381 doctrina
1852 1326 1950 1381 ha·

327 1391 461 1444 beat
491 1392 720 1461 aliquod
747 1396 1169 1456 commercium,
1212 1395 1304 1462 qui
1335 1410 1397 1446 se
1425 1410 1539 1447 non
1568 1394 1717 1448 hunc
1733 1396 1951 1454 mathe-

325 1461 594 1515 maticum
615 1464 799 1528 malit,
835 1479 1002 1531 quam
1019 1463 1185 1516 illum
1204 1464 1535 1532 tyrannum?
1572 1463 1633 1518 Si
1650 1467 1813 1522 vitae
1832 1484 1951 1522 mo·

327 1532 459 1586 dum
491 1533 878 1602 actionemque
909 1533 1254 1602 quaerimus:
1296 1533 1531 1587 alterius
1569 1549 1725 1587 mens
1766 1537 1950 1590 ratio-

325 1603 492 1655 nibus
523 1602 807 1672 agitandis
830 1603 1297 1673 exquirendisque
1324 1603 1605 1666 alebatur,
1642 1619 1770 1656 cum
1795 1608 1949 1660 oble·

327 1673 578 1726 ctatione
599 1673 916 1738 sollertiae3
959 1674 1059 1742 qui
1089 1680 1177 1727 est
1196 1690 1337 1727 unus
1366 1675 1727 1726 suavissimus
1748 1684 1947 1742 pastus

325 1745 666 1796 animorum:
707 1743 942 1798 alterius
959 1745 1018 1795 in
1039 1745 1213 1798 caede
1236 1750 1293 1796 et
1310 1743 1547 1810 iniuriis,
1568 1759 1689 1797 cum
1714 1751 1773 1796 et
1796 1746 1947 1797 diur-

325 1827 400 1864 no
425 1819 483 1866 et
503 1818 774 1866 nocturno
797 1819 970 1866 metu.
1039 1815 1178 1883 Age,
1198 1812 1392 1867 confer
1407 1812 1816 1878 Democritum,
1838 1815 1947 1883 Py-

325 1881 643 1952 thagoram,
662 1883 1070 1951 Anaxagoram.
1126 1883 1283 1946 Quae
1300 1899 1493 1953 regna,
1514 1897 1651 1953 quas
1673 1897 1813 1952 opes
1830 1891 1947 1938 stu-

327 1951 442 2006 diis
463 1967 658 2008 eorum
678 1958 738 2007 et
757 1951 1229 2008 delectationibus
1248 1953 1586 2022 antepones}
1610 1953 1697 2006 6⁷.
1716 1953 1947 2008 Etenim

325 2036 470 2090 quae
489 2038 620 2090 pars
643 2023 859 2091 optima
879 2029 964 2076 est
982 2024 1042 2074 in
1060 2022 1308 2087 homine,
1348 2024 1407 2076 in
1430 2039 1500 2077 ea
1516 2023 1686 2076 situm
1708 2038 1831 2076 esse
1852 2041 1949 2078 ne-

325 2107 484 2146 cesse
505 2098 593 2146 est
623 2092 794 2156 illud,
841 2093 990 2160 quod
1019 2094 1273 2159 quaeris,
1312 2093 1605 2161 optimum.
1675 2092 1825 2157 Quid
1858 2101 1951 2146 est

325 2168 515 2216 autem
537 2161 598 2214 in
617 2160 844 2216 homine
862 2162 1057 2232 sagaci
1071 2178 1139 2216 ac
1156 2164 1307 2216 bena
1324 2170 1512 2216 mente
1534 2162 1736 2215 melius
1750 2161 1775 2212 ἓ
1802 2162 1949 2214 Eius

325 2232 478 2286 bono
497 2231 788 2286 fruendum
813 2235 900 2293 est
917 2231 1109 2301 igitur,
1128 2233 1183 2284 si
1200 2231 1357 2286 beati
1376 2248 1499 2286 esse
1520 2232 1794 2285 volumus.
1834 2231 1951 2284 Bo-

328 2317 460 2354 num
492 2307 680 2355 autem
707 2301 912 2356 mentis
943 2307 1033 2354 est
1052 2303 1245 2354 virtus.
1317 2301 1469 2370 Ergo
1498 2300 1603 2354 hac
1620 2301 1846 2354 beatam
1867 2302 1953 2354 vi-

270 2402 275 2407 ·
328 2376 448 2422 tam
481 2371 756 2424 contineri
787 2386 1014 2424 necesse
1043 2378 1149 2425 est.
1220 2371 1371 2423 Hinc
1402 2370 1618 2433 omnia,
1661 2385 1803 2440 quae
1864 2371 1954 2424 ul·

331 2435 484 2500 citra,
519 2437 773 2502 honesta,
802 2441 1095 2507 praeclara
1112 2447 1257 2504 sunt,
1286 2446 1349 2492 ut
1368 2455 1539 2510 supra
1556 2439 1702 2494 dixi:
1864 2441 1954 2495 di·

331 2505 566 2558 cendum
605 2509 756 2560 idem
793 2509 938 2562 illud
977 2510 1171 2576 paullo
1212 2510 1441 2564 uberius
1474 2509 1725 2564 videtur:
1780 2511 1954 2579 plena

332 2574 662 2640 gaudiorum
683 2583 831 2630 sunt.
879 2579 968 2630 Ex
988 2579 1275 2646 perpetuis
1294 2579 1794 2648 autem'plenisque
1815 2595 1955 2648 gau·

333 2641 443 2693 diis
483 2655 650 2708 quum
691 2645 1042 2712 perspicuum
1078 2648 1157 2700 sit
1195 2649 1373 2702 vitam
1399 2651 1625 2704 beatam
1653 2649 1953 2714 exsistere,

331 2709 598 2778 sequitur,
625 2718 689 2764 nt
709 2727 778 2766 ea
799 2715 1036 2768 exsistat
1056 2731 1128 2770 ex
1148 2713 1459 2774 honestate.
