2087 2914
313 124 416 177 322
504 120 966 176 TUSCULAN.
1003 118 1712 174 DISPUTATIONUM

313 228 461 282 enim
495 240 620 277 cum
650 238 846 277 socero
874 224 1087 275 bellum
1125 223 1421 291 gessisset3
1460 236 1573 275 non
1608 223 1916 289 imparatus.

315 310 474 347 arma
513 294 864 361 sumpsisset:
907 306 1018 343 non
1058 292 1281 344 domum
1322 292 1663 360 reliquisset:
1705 306 1817 343 non
1846 304 1916 343 ex

313 365 484 417 ltalia
499 364 762 431 fugisset:
806 375 944 423 non,
985 362 1235 413 exercitu
1264 361 1499 425 amisso,
1528 360 1709 412 nudus
1728 361 1789 411 in
1807 375 1919 411 ser-

317 448 512 487 vorum
531 432 740 485 ferrum
763 436 820 483 et
840 445 1034 483 manus
1054 430 1367 483 incidisset:
1390 446 1501 483 non
1521 430 1685 483 liberi
1702 428 1921 481 defleti:

315 518 432 555 non
451 505 706 555 fortunae
727 514 918 551 omnes
941 516 976 551 a
991 500 1301 552 victoribus
1318 500 1751 567 possiderentur.
1794 497 1921 561 Qui,

317 574 368 624 si
386 577 622 625 mortem
641 576 758 621 tum
780 570 1018 630 obisset,
1056 570 1114 619 in
1144 568 1501 635 amplissimis
1522 570 1759 622 fortunis
1782 568 1923 619 oeci-

315 642 518 693 disset:
555 640 606 690 is
637 638 1039 705 propagatione
1075 638 1227 688 vitae
1256 645 1417 703 quot,
1460 645 1719 705 quantas,
1762 650 1923 705 quam.

209 729 232 749 ν
315 708 671 761 incredibiles
692 706 877 759 hausit
899 705 1277 760 calamitates!
1312 706 1923 759 XXXVLHaeemm-te

318 777 680 844 effugiuntur,
719 777 892 829 etiam
915 777 962 827 si
987 792 1097 827 non
1117 776 1419 837 evenerint,
1439 782 1627 828 tamen
1650 776 1783 842 quia
1800 789 1925 841 pos·-

317 853 450 899 sunt
493 846 732 899 evenire.
803 844 915 898 Sed
935 844 1205 897 -homines
1234 860 1303 897 ea
1334 845 1460 893 sihi
1474 845 1731 895 accidere
1762 856 1927 909 posse
1968 862 1976 870 ⁸

317 930 431 968 non
453 917 721 984 cogitant.
775 914 1004 967 Metelli.
1021 917 1212 977 sperat
1232 910 1344 961 sibi
1364 911 1595 978 quisque
1616 913 1897 964 fortunam
1910 930 1927 963 :

318 985 551 1055 perinde
572 983 735 1051 quasi
753 988 853 1033 aut
871 983 1061 1049 plures
1082 980 1359 1032 fortunati
1377 980 1516 1042 siut,
1558 996 1724 1047 quam
1745 981 1929 1033 infeli-

317 1067 430 1116 ces,
451 1060 547 1107 aut
569 1053 711 1105 certi
729 1052 1030 1118 quidquam
1051 1052 1125 1101 sit
1142 1050 1201 1101 in
1216 1051 1383 1101 rebus
1401 1047 1669 1115 humanis,
1692 1056 1791 1103 aut
1808 1064 1930 1117 spe·

319 1137 447 1175 rare
465 1124 544 1173 sit
563 1120 909 1186 prudentius,
934 1135 1102 1185 quam
1122 1118 1337 1169 timere.

427 1192 516 1242 8⁷.
543 1188 661 1240 Sed
681 1187 788 1239 hoe
802 1187 986 1253 ipsum
1009 1186 1367 1246 concedatur,
1386 1187 1549 1237 bouis
1568 1189 1733 1239 rebus
1755 1185 1930 1239 honii·

323 1276 422 1313 nes
457 1265 638 1310 morte
665 1256 900 1323 privari:
925 1268 1071 1323 -ergo
1104 1255 1275 1305 etiam
1294 1268 1485 1307 carere
1504 1260 1755 1306 mortuos
1776 1257 1931 1309 vitae

325 1327 649 1389 commodis,
675 1324 843 1391 idque
865 1338 986 1377 esse
1005 1324 1283 1375 miserum.
1340 1324 1505 1375 Certe
1521 1323 1607 1375 ita
1628 1323 1819 1377 dicant
1839 1340 1934 1379 ne·

325 1413 480 1451 cesse
501 1403 604 1448 est.
675 1396 758 1445 An
779 1398 968 1461 potest
987 1393 1057 1453 is,
1098 1392 1323 1459 quinon
1344 1398 1455 1454 est,
1492 1407 1557 1445 re
1572 1392 1693 1445 una
1709 1394 1935 1449 carere?

323 1469 516 1520 Triste
537 1465 684 1516 enim
705 1469 791 1514 est
811 1462 1010 1514 nomen
1031 1463 1213 1528 ipsum
1232 1462 1471 1525 carendi,
1488 1464 1621 1530 quia
1639 1464 1936 1516 subiicitur
1955 1467 1965 1476 ‘

325 1535 466 1589 haee
483 1535 605 1600 vis:
639 1532 852 1594 habuit,
871 1547 982 1582 non
1001 1529 1195 1582 habet:
1238 1529 1534 1595 desiderat,
1565 1533 1817 1600 requirit,
1848 1535 1932 1586 in-

325 1607 499 1674 diget.
569 1603 742 1663 Haec,
765 1602 978 1668 opinor,
995 1599 1349 1654 incommoda
1367 1607 1497 1652 sunt
1516 1605 1774 1655 carentis.
1830 1604 1933 1663 Ga-

322 1683 414 1728 ret
435 1673 626 1736 oculis,
667 1672 860 1723 odiosa
879 1671 1149 1734 eaecitas3
1192 1670 1415 1734 liberis,
1456 1673 1689 1724 orbitas.
1760 1671 1934 1726 Valet

323 1743 431 1796 hoc
449 1744 509 1793 in
527 1742 695 1792 vivis:
719 1745 1067 1792 mortuorum
1086 1745 1270 1792 autem
1292 1755 1403 1792 non
1424 1741 1590 1794 modo
1610 1743 1765 1794 vitae
1786 1755 1935 1794 eom·

324 1812 527 1872 modis,
559 1809 658 1861 sed
681 1825 750 1860 ne
768 1811 890 1861 vita
909 1807 1130 1875 quidem
1148 1810 1275 1875 ipsa
1292 1810 1582 1880 quisquam
1602 1818 1772 1864 earet.
1844 1811 1937 1866 De

325 1881 564 1934 mortuis
584 1879 802 1947 loquor,
823 1880 918 1946 qui
937 1878 1079 1930 nulli
1097 1887 1239 1930 sunt.
1312 1878 1447 1943 Nos,
1468 1879 1562 1948 qui
1580 1897 1784 1944 sumus,
1804 1895 1940 1932 num

327 1958 426 2004 aut
448 1952 499 2002 si
519 1950 777 2002 cornibus
811 1963 1087 2012 caremus,
1132 1955 1227 2000 aut
1246 1951 1471 2014 pennis,
1512 1951 1615 2014 sit,
1654 1949 1832 2016 quiid
1854 1949 1940 1999 di-

325 2020 514 2073 xerit?
538 2021 700 2072 Certe
722 2033 902 2070 nemo.
941 2017 1088 2078 Quid
1108 2018 1229 2068 ita?
1260 2017 1425 2079 Quia,
1448 2033 1611 2084 quum
1630 2019 1690 2069 id
1711 2033 1821 2068 non
1841 2017 1941 2070 ha·

327 2089 483 2150 beas,
507 2086 654 2154 quod
673 2088 784 2140 tibi
804 2101 904 2138 nec
924 2101 1028 2136 usu
1048 2100 1153 2136 nec
1168 2091 1369 2138 natura
1384 2087 1463 2137 sit
1484 2101 1553 2154 ap
1582 2103 1697 2149 um,
1716 2101 1829 2138 nnn
1848 2103 1941 2139 ea·-

284 2164 293 2168 “
327 2172 477 2220 reas,
519 2159 689 2209 etiam
711 2156 762 2207 si
783 2155 1010 2218 sentias,
1047 2160 1105 2206 te
1124 2167 1235 2205 non
1254 2153 1475 2207 habere.
1545 2193 1547 2196 ψ
1584 2157 1633 2208 8.
1668 2157 1795 2207 Hoc
1816 2171 1941 2222 pre*

333 2225 592 2279 mendum
613 2226 782 2278 etiam
805 2230 972 2290 atque
995 2225 1165 2276 etiam
1188 2230 1275 2281 est
1294 2227 1703 2293 argumentum,
1742 2225 1943 2276 eonfit-

333 2302 488 2348 mato
509 2296 612 2347 illo
625 2331 642 2358 ,
681 2295 752 2347 de
775 2308 907 2361 quo,
949 2293 1000 2344 si
1019 2292 1287 2345 mortales
1308 2292 1480 2344 animi
1500 2300 1643 2356 sunt,
1678 2294 1943 2348 dubitare

329 2381 442 2416 non
465 2379 770 2430 possumus,
813 2363 944 2430 quin
965 2367 1155 2414 tantus
1174 2362 1440 2413 interitus
1454 2362 1515 2412 iu
1532 2369 1717 2414 morte
1736 2363 1839 2428 sit,
1876 2372 1945 2416 ut

329 2449 403 2485 ne
424 2435 648 2485 minima
667 2432 892 2501 quidem
912 2432 1153 2498 suspicio
1186 2447 1377 2483 sensus
1394 2431 1755 2499 relinquatur.
1810 2433 1945 2486 Hoe

331 2504 512 2570 igitur
526 2505 702 2570 probe
721 2501 976 2554 stabilito
999 2507 1057 2552 et
1076 2501 1187 2552 fixo
1200 2536 1215 2563 ,
1240 2499 1401 2550 -illud
1428 2502 1813 2555 excutiendum
1834 2510 1944 2566 est,

249 2609 256 2615 .
335 2578 400 2622 ut
421 2573 648 2634 sciatur,
679 2569 812 2639 quid
833 2572 910 2622 sit
929 2581 1139 2632 carere,
1166 2584 1237 2621 ne
1254 2568 1605 2636 relinquatur
1622 2572 1838 2642 aliquid
1856 2588 1945 2626 er-

333 2641 482 2693 roris
505 2643 568 2692 in
595 2641 782 2694 verbo.
863 2638 1067 2693 Carere
1092 2639 1115 2690 i
1159 2636 1395 2690 'turhoc
1426 2637 1731 2710 significat,
1771 2657 1943 2711 egere

1080 2718 1099 2740 B
1168 2707 1259 2773 ³¹⁸0(

1234 2782 1251 2802 U

2069 570 2074 605 ,,
2036 502 2075 559 ›-

2069 670 2073 693 W-
2064 626 2074 657 λ

2056 784 2075 1277 *pfl-*x
