2087 2914
569 164 726 219 Lm.
763 163 830 217 v.
905 162 1071 219 cAP.
1104 163 1189 220 13.
1220 164 1331 251 14.ς
1551 127 1556 132 ’
1640 163 1743 218 153

42 276 44 281 ’
79 325 95 331 ,
141 265 362 321 diffidat
383 282 607 321 necesse
631 274 732 330 est,
753 268 850 335 qui
865 268 1014 321 bona
1035 268 1239 322 dividit
1255 270 1560 337 tripartito.
1633 268 1743 331 qm

139 333 1741 473 {2²31ssssss{233332-‘0‘2021235ssfflssxss‘zffgs{23353452‘

677 444 691 458 Δ
882 442 902 470 ’
1474 446 1477 449 ’
1720 432 1741 445 .

139 482 304 527 nente
321 476 488 539 bono,
506 476 704 530 beatus
725 492 846 531 esse
868 491 1028 529 nemo
1052 482 1254 543 potest.
1286 471 1433 539 Quid
1444 490 1579 543 ergo
1599 475 1743 527 cius·

139 544 297 595 modi
313 545 558 605 ,istorum
591 545 712 599 esti
750 545 824 597 Ut
849 543 988 597 mihi
1009 546 1253 601 Laconis
1279 546 1424 599 illud
1451 546 1663 597 dictum
1684 546 1745 597 in

139 612 244 665 hos
267 607 464 667 cadere
483 614 764 669 videatur:
789 614 884 681 qui
901 614 1169 683 glorianti
1190 616 1409 668 cuidam
1428 612 1745 679 mercatori,

143 680 294 749 quod
313 680 518 734 multas
539 700 707 737 naves
727 685 786 735 in
808 698 1027 735 omnem
1048 700 1205 737 oram
1224 686 1563 737 maritimam
1584 684 1745 735 dimi-

144 752 332 815 sisset,
351 768 455 837 non
475 768 604 806 sam
623 752 879 821 optabilis
935 753 1113 807 uidem
1134 755 1265 818 ieta,
1290 755 1485 822 inquit,
1507 752 1747 806 rudenti·

145 820 241 872 bus
261 830 396 889 apta
404 820 660 903 fortuna.
729 822 812 874 An
834 821 912 873 du.
946 823 1063 875 ium
1085 828 1195 885 est,
1232 824 1367 891 quin
1397 822 1536 875 nihil
1555 823 1631 874 sit
1649 820 1747 885 ha:

143 889 384 949 bendum
405 906 463 941 m
483 906 550 950 eo
571 904 790 957 genere,
813 904 922 957 quo
934 892 1059 943 vita
1076 892 1251 959 beata
1264 893 1595 959 completur,
1618 892 1670 943 ai
1686 888 1745 942 id

145 958 324 1025 possit
344 958 564 1011 amitti}
591 958 754 1011 Nihil
775 960 921 1011 enim
942 960 1364 1023 internoscere,
1384 960 1524 1013 nihil
1546 959 1745 1013 exstin·

144 1026 265 1097 gui,
307 1023 446 1081 nihil
470 1024 670 1081 cadere
690 1027 858 1081 debet
876 1044 1097 1092 eorum,
1136 1030 1195 1081 in
1220 1029 1417 1098 quibus
1447 1030 1565 1082 vita
1580 1030 1751 1083 beata

145 1096 422 1151 consistit.
475 1096 621 1151 Nam
640 1098 734 1165 qui
751 1098 994 1162 timebit,
1013 1114 1085 1151 ne
1144 1098 1241 1151 uid
1260 1116 1330 1153 ex
1346 1096 1439 1151 his
1462 1098 1751 1167 deperdat,
1802 1144 1805 1153 .

147 1166 344 1242 beatus
372 1182 494 1219 esse
521 1182 632 1218 non
667 1168 896 1234 poterit.
965 1163 1053 1221 41.
1140 1168 1359 1221 olumus
1391 1170 1565 1231 enim,
1609 1182 1752 1230 eum,

145 1236 245 1305 qui
260 1232 458 1289 beatus
480 1235 570 1298 sit,
611 1242 794 1289 tutum
813 1252 962 1300 esse,
985 1238 1495 1306 inexpugnabilem,
1532 1243 1747 1303 septum

42 1326 44 1329 ’
145 1312 312 1373 atque
333 1306 598 1357 munitum
616 1324 630 1371 3
651 1322 762 1357 non
784 1312 848 1357 ut
868 1321 1042 1373 parvo
1062 1312 1215 1359 metu
1238 1307 1523 1375 praeditus
1536 1304 1751 1367 sit,.se‹l

41 1396 44 1407 ·
141 1381 209 1441 ut
229 1370 402 1427 nullo.
425 1427 434 1431 ,
473 1370 553 1427 Ut
567 1377 713 1427 enim
735 1375 1002 1430 innocens
1030 1376 1083 1427 is
1104 1376 1333 1439 dicitur,
1370 1391 1481 1427 non
1502 1376 1597 1443 qui
1615 1374 1751 1429 levi-

41 1465 44 1474 ·
143 1447 233 1497 ter
249 1449 430 1508 nocet,
457 1442 555 1497 sed
576 1444 671 1513 qui
690 1442 826 1504 nihil
847 1452 1036 1500 nocet:
1066 1446 1151 1498 sic
1168 1445 1286 1500 sine
1306 1451 1455 1498 metu
1478 1443 1752 1500 isxhaben·

145 1511 249 1566 dus
271 1519 374 1584 eust,
399 1528 510 1566 non
530 1515 626 1582 qui
645 1529 840 1582 parum
860 1516 1081 1578 metuit,
1118 1516 1217 1568 s‘ed
1238 1516 1333 1584 qui
1354 1515 1575 1567 omnino
1596 1519 1752 1567 metu

147 1587 327 1636 vacat.
399 1579 556 1645 Quae
579 1589 666 1633 est
685 1583 834 1634 cuim
863 1583 980 1635 alia
999 1583 1273 1634 fortitudo
1288 1619 1305 1645 ,
1346 1585 1456 1634 nisi
1478 1583 1650 1637 animi
1672 1581 1752 1634 af-

42 1671 46 1702 :›
143 1648 318 1717 sectio
342 1667 509 1718 quum
530 1649 588 1700 in
617 1649 874 1702 adeundo
905 1651 1155 1716 periculo
1190 1658 1249 1703 et
1274 1651 1335 1702 in
1354 1651 1549 1704 labore
1572 1667 1638 1702 ac
1657 1651 1753 1702 do-

42 1749 44 1756 ·
143 1721 269 1780 lore
299 1717 542 1785 patiens,
579 1723 697 1790 tum
726 1719 928 1785 procul,
957 1721 1026 1772 ab
1058 1720 1208 1770 omni
1236 1720 1421 1772 metui
1455 1721 1543 1772 42.
1572 1721 1753 1786 Atque

149 1787 459 1850 haecperte
479 1803 590 1838 non
619 1787 704 1838 ita
724 1803 785 1839 se
813 1780 1111 1850 haberent,
1152 1789 1265 1840 nisi
1284 1804 1447 1840 omne
1465 1790 1673 1840 bonum
1694 1788 1753 1839 in

145 1873 260 1911 una
280 1853 572 1909 honestate
594 1855 940 1909 consisteret.
999 1855 1110 1918 Qus
1129 1864 1315 1910 autem
1334 1857 1491 1910 illam
1511 1858 1755 1910 maxime

148 1929 404 1994 optatam
435 1931 493 1978 et
521 1925 820 1992 expetitam
853 1926 1216 1978 securitatem
1250 1929 1629 1990 (securitatem
1662 1941 1757 1978 au·

147 2006 262 2058 tem
283 2011 428 2047 nunc
448 1992 671 2062 appello
693 1995 1030 2048 vacuitatem
1052 1995 1435 2064 aegritudinis,
1474 1997 1533 2048 in
1552 2011 1662 2065 qua
1680 1995 1760 2051 vi·
1853 2016 1858 2023 ·

146 2073 214 2119 ta
231 2058 399 2118 beata
419 2065 607 2134 posita
627 2068 736 2128 est)
767 2061 972 2116 habere
995 2065 1281 2134 quisquam
1302 2069 1511 2132 potest,
1549 2065 1638 2117 cui
1662 2071 1760 2118 aut

151 2134 304 2188 adsit
327 2141 424 2188 aut
443 2133 636 2186 adesse
657 2133 834 2207 possit
861 2133 1165 2187 multitudo
1184 2135 1493 2195 malorum?
1533 2133 1646 2196 qut
1664 2150 1760 2188 au·

147 2211 266 2257 tem
330 2203 498 2255 oterit
517 2219 638 2255 esse
660 2203 840 2256 celsus
861 2208 920 2254 et
939 2208 1175 2268 erectus,
1196 2211 1253 2258 et
1274 2203 1363 2269 ea,
1380 2220 1525 2273 quae
1543 2201 1759 2258 homini
1844 2229 1855 2234 ·

129 2273 274 2330 'acci
314 2287 406 2324 ere
431 2278 688 2339 possunt,
733 2271 920 2323 omnia
945 2287 1123 2338 parva
1152 2274 1381 2337 ducens,
1422 2274 1641 2342 qualem
1673 2289 1759 2325 sa·

42 2387 45 2406 .,
150 2341 394 2412 pientem
429 2358 551 2394 esse
582 2341 837 2394 ,volumus
847 2375 864 2404 ,
904 2341 1014 2394 nisi
1042 2343 1228 2396 omnia
1262 2344 1371 2397 sibi
1400 2344 1459 2394 in
1490 2359 1551 2396 se
1572 2343 1761 2410 posita

119 2424 124 2430 ·
153 2407 433 2464 censebit}
471 2409 554 2465 Aa
573 2407 1030 2475 Lacedaemonii,
1064 2407 1323 2479 Philippo
1345 2413 1635 2465 minitante
1656 2427 1759 2480 per

149 2481 394 2545 litteras,
435 2497 496 2536 se
519 2479 724 2545 omnia,
764 2495 904 2547 quae
927 2484 1289 2544 conarentur,
1330 2479 1762 2548 prohibiturum,

147 2552 560 2620 quaesiverunt,
587 2565 718 2602 num
742 2565 803 2602 se
824 2555 972 2602 esset
993 2551 1169 2619 etiam
1184 2551 1328 2602 mori
1348 2549 1759 2616 prohibiturum

143 2620 326 2684 viris,
345 2635 505 2687 quem
529 2619 861 2688 quaerimus,
883 2633 994 2672 non
1014 2619 1191 2672 multo
1213 2618 1434 2673 facilius
1454 2620 1560 2674 tali
1572 2621 1759 2674 animo

142 2691 474 2760 reperietur,
497 2705 680 2763 -quam
720 2689 920 2744 civitas
954 2689 1248 2748 universa?
1296 2689 1475 2756 Quid}
1514 2690 1589 2746 ad
1616 2689 1761 2746 hanc
