2087 2914
413 144 418 151 '
511 139 666 201 Lm.
707 138 772 193 V.
844 140 1016 195 CAP.
1052 140 1138 197 29.
1176 138 1261 194 30.
1296 138 1383 194 31.
1515 209 1518 217 ¹
1642 140 1747 193 469

154 249 242 295 tas
261 241 490 307 doloris,
510 248 575 294 ut
591 244 996 311 Hieronymus:
1035 242 1195 295 Nihil
1212 242 1436 304 bonum,
1458 242 1571 293 nisi
1591 248 1747 295 natu-

151 326 248 363 rae
277 312 472 379 primis
499 312 659 363 bonis
691 318 788 363 aut
817 312 1071 365 omnibus
1100 317 1199 364 aut
1227 310 1486 364 maximis
1508 311 1648 373 frui,
1684 317 1748 363 ut
1828 321 1851 359 ·,

152 380 464 436 Carneades
503 386 700 433 contra
733 380 955 433 Stoicos
981 380 1311 434 disserebat.
1343 399 1346 402 ·
1382 381 1559 449 Haec-
1578 380 1754 448 igitur

151 450 455 517 simpliciat
511 450 616 503 illa
653 451 850 503 mixta.
921 448 1007 503 85.
1043 452 1182 504 Tria
1218 463 1425 516 genera
1465 449 1756 514 honorum,

151 520 399 573 maxima
417 520 606 583 animi,
643 520 886 573 secunda
907 520 1175 586 eorporis,
1206 525 1438 573 externa
1457 518 1655 582 tertia,
1692 524 1757 571 ut

150 586 531 654 Peripatetici,
551 604 654 641 nec
673 589 850 641 multo
867 595 1087 641 veteres
1106 588 1427 641 Academici
1447 603 1631 640 secus:
1663 603 1757 640 vo·

153 657 423 723 luptatem
447 672 572 709 cum
601 658 894 711 honestate
914 655 1291 709 Dinomachus
1312 663 1370 709 et
1390 654 1645 723 Callipho
1668 672 1757 707 co-

150 726 396 795 pulavit:
431 726 794 781 indolentiam
825 734 1010 781 aut-em
1048 724 1329 780 honestati
1350 724 1759 793 Peripateticus

152 795 438 847 Diodorus
459 796 731 849 adiunxit.
802 798 928 851 Hae
951 802 1080 849 sunt
1098 796 1433 858 sententiae,
1476 810 1619 863 quae
1648 800 1759 845 sta·

153 864 398 919 bilitatis
421 866 632 932 aliquid
653 864 923 919 habeant:
966 882 1095 917 nam
1112 866 1407 925 Aristonis,
1436 861 1763 931 Pyrrhonis,

154 934 390 997 Herilli,
429 935 929 1002 nonnullorumque
969 935 1212 985 aliorum
1252 938 1609 986 evanuerunt.
1679 932 1761 984 Hi

153 1002 540 1071 quidspossint
581 1004 856 1067 obtinere,
897 1004 1185 1055 videamus
1194 1012 1233 1066 ,'
1262 1002 1483 1054 omissis
1522 1000 1759 1054 Stoicis:
1798 1014 1805 1025 “

153 1087 392 1141 quorum
413 1074 554 1125 satis
581 1072 780 1127 videor
807 1073 1123 1125 defendisse
1145 1072 1499 1125 sententiam.
1568 1072 1645 1122 Et
1662 1068 1762 1122 Pe·

153 1142 575 1265 ssflateticomm
605 1143 826 1211 quidem
857 1142 1141 1208 explicata
1164 1156 1362 1193 caussa
1384 1146 1495 1193 est:
1536 1145 1763 1208 praeter

247 1210 622 1281 cophrastum‚
664 1217 723 1265 et
760 1212 812 1263 si
851 1213 947 1279 qui
984 1211 1145 1263 illum
1186 1210 1382 1273 secuti,
1421 1209 1763 1263 imbecillius
1862 1267 1873 1280 s

153 1279 386 1335 horrent
406 1282 658 1335 dolorem
679 1287 736 1333 et
753 1280 1142 1333 reformidant=
1180 1280 1432 1347 Reliquis
1454 1280 1673 1346 quidem
1695 1278 1770 1329 li-

156 1357 248 1404 cet
265 1348 452 1405 facere
473 1351 550 1414 id,
581 1350 728 1419 quod
749 1350 867 1402 fere
887 1348 1121 1419 faciunt,
1142 1357 1206 1402 ut
1227 1348 1563 1417 gravitatem
1586 1348 1763 1415 digni·

153 1425 435 1490 tatemque
463 1422 688 1474 virtuti-s
721 1424 1079 1490 exaggerent.
1154 1420 1333 1484 Quam
1364 1432 1529 1488 quum
1552 1418 1623 1470 ad
1645 1433 1769 1472 cae·
1796 1449 1822 1480 ,-

154 1491 270 1542 lum
291 1491 620 1555 extulerint,
655 1491 1018 1558 quodfacere
1043 1491 1366 1558 eloquentes
1400 1487 1648 1542 homines
1678 1488 1775 1540 co·¹

157 1562 316 1630 piose
341 1561 556 1613 solentz
591 1560 812 1625 reliqua
835 1574 903 1611 ex
927 1559 1231 1610 collatione
1260 1557 1431 1610 facile
1465 1564 1550 1610 est
1580 1561 1777 1609 conte-‘

152 1645 280 1683 rere
305 1635 472 1696 atque
495 1634 864 1680 contemnere.
937 1627 1057 1677 Nec
1078 1628 1223 1680 enim
1242 1626 1379 1678 licet
1399 1627 1471 1676 iis
1484 1660 1501 1687 ,
1532 1627 1627 1692 qui
1648 1626 1769 1677 lau-

153 1699 282 1754 dem
312 1714 434 1750 cum
457 1697 650 1752 dolore
679 1695 976 1763 petendam
1000 1710 1123 1747 esse
1146 1695 1361 1756 dicant,
1399 1709 1632 1762 negare,
1668 1709 1767 1746 eos

107 1829 112 1831 ,
153 1785 278 1824 esse
306 1768 532 1830 beatos,
571 1767 665 1835 qui
686 1766 842 1817 illam
865 1765 1057 1832 adepti
1074 1771 1219 1828 sunt.
1292 1763 1377 1816 86.
1416 1762 1767 1831 Quamquam

155 1838 301 1892 enim
341 1836 455 1889 sint
494 1837 555 1888 in
596 1834 934 1903 quibusdam*
957 1835 1151 1886 malis:
1195 1839 1381 1886 tamen
1424 1830 1531 1884 hoc
1564 1831 1767 1886 nomen

152 1907 310 1962 beati
329 1907 497 1974 longe
517 1910 576 1959 et
595 1905 713 1957 late
733 1910 909 1970 patet.
981 1895 1187 1956 XXXI.
1220 1903 1368 1956 Nam
1389 1907 1453 1954 ut
1474 1911 1767 1972 quaestuo-

154 1995 221 2031 sa
239 1982 570 2037 mercatura,
598 1974 892 2027 fructuosa
911 1972 1095 2024 aratio
1116 1973 1339 2036 dicitur,
1363 1987 1490 2034 non,
1515 1973 1565 2022 si
1584 1972 1768 2024 altera

153 2061 376 2114 semper
396 2045 548 2096 omni
567 2043 798 2105 damno,
844 2042 1024 2094 altera
1056 2043 1209 2094 omni
1234 2041 1586 2109 tempestatis
1620 2042 1765 2092 cala-

153 2117 351 2170 mitate
382 2129 602 2182 semper
626 2119 820 2176 vacat;
861 2111 960 2164 sed
989 2113 1039 2162 si
1070 2111 1247 2163 multo
1276 2111 1491 2162 maiore
1513 2125 1583 2162 ex
1604 2116 1767 2178 parte
1816 2107 1837 2118 “

153 2190 342 2240 exstat
370 2185 430 2236 in
452 2191 688 2252 utraque
707 2181 976 2233 felicitas:
1009 2181 1091 2232 sic
1108 2182 1244 2245 vita,
1266 2196 1376 2232 non
1396 2180 1574 2232 solum
1596 2181 1648 2232 si
1666 2195 1765 2230 un·

154 2255 322 2322 dique
352 2254 562 2306 referta
587 2252 750 2306 bonis
775 2255 904 2314 est,
930 2250 1028 2316 sed
1060 2250 1109 2302 si
1131 2251 1307 2303 multo
1328 2251 1543 2301 maiore
1562 2254 1619 2300 et
1642 2264 1767 2318 gra·
1866 2265 1869 2268 ⁴

153 2325 312 2378 viore
331 2339 400 2378 ex
419 2329 581 2392 parte
599 2325 748 2374 bona
766 2319 1137 2388 propendent,
1173 2321 1341 2373 beata
1361 2325 1517 2372 recte
1538 2318 1649 2369 dici
1670 2332 1767 2386 po·

156 2400 290 2447 test.
362 2396 448 2446 87.
485 2391 760 2460 Sequetur
780 2390 954 2458 igitur
973 2387 1173 2442 horum
1194 2389 1413 2460 ratione
1434 2386 1525 2456 vel
1548 2387 1620 2440 ad
1640 2403 1766 2454 sup·

195 2463 390 2516 licium
414 2463 584 2515 beata
613 2461 734 2512 vita
759 2461 1059 2522 virtutem,
1102 2474 1332 2527 cumque
1363 2473 1434 2511 ea
1468 2457 1768 2510 descendet

157 2549 218 2586 m
237 2537 482 2596 taurum,
524 2529 845 2593 Aristotele,
878 2529 1211 2592 Xenocrate,
1248 2527 1575 2594 Speusippo,
1608 2526 1769 2578 Pole-

159 2617 326 2655 mone
355 2601 840 2664 auctoribus,‘nec
871 2614 994 2664 eam
1034 2598 1201 2649 minis
1238 2602 1337 2649 aut
1364 2595 1768 2649 blandimentis

161 2678 422 2739 corrupta
443 2669 679 2724 deseret.
735 2669 964 2722 ‘Eadem
983 2665 1355 2734 Calliphontis
1377 2667 1486 2720 erit
1502 2665 1769 2718 Diodori·

161 2759 267 2814 que
289 2743 597 2797 sententia:
633 2753 865 2811 quorum
885 2744 1120 2808 uterque
1150 2735 1495 2792 honestatem
1518 2736 1604 2790 sie
1622 2749 1717 2789 con
