2087 2914
404 99 518 152 DE
553 98 1273 168 SENEcTU'rEssAP.
1310 97 1395 154 12.
1432 96 1519 153 13.
1694 96 1759 152 1⁷

160 185 269 258 ret.
335 202 496 256 Haec
517 218 640 255 eum
659 204 718 256 C.
741 203 944 256 Pontio
965 201 1229 265 Samnite,
1250 207 1411 270 patre
1428 204 1575 262 eius,
1602 215 1639 253 a
1658 215 1765 270 quo

101 325 103 330 .
171 268 418 325 Caudino
436 272 650 340 praelio
671 271 762 338 Sp.
785 271 1124 335 Postumius,
1161 274 1231 324 T.
1249 271 1533 332 Veturius,
1563 272 1769 322 Consu-

171 342 270 402 les,
291 342 541 408 superati
559 346 702 402 sunt,
744 341 992 392 loentum
1013 339 1336 408 Archytam,
1356 337 1637 392 Nearchus
1659 341 1775 391 Ta·

173 411 452 472 rentinus,
490 408 692 474 hospes
729 415 946 472 noster,
983 411 1081 477 >qui
1106 411 1165 462 in
1186 410 1435 462 amicitia
1455 408 1646 475 populi
1666 408 1775 459 Ro·

173 479 325 530 mani
347 483 746 544 permanserat,
767 494 828 530 se
849 493 884 530 a
903 479 1209 531 maioribus
1231 483 1367 530 natu
1388 477 1671 544 accepisse
1694 475 1779 526 di·

53 551 56 559 '
87 543 96 600 3.
177 545 368 606 cebat,
405 559 582 611 quum
627 547 845 613 quidem
873 547 928 598 ei
957 549 1201 600 sermoni
1216 599 1221 604 ,
1235 545 1586 601 interfuisset
1611 543 1775 596 Plato

84 621 90 654 ὲ
175 611 553 666 Atheniensis:
602 629 763 680 quem
803 617 1109 668 Tarentum
1152 617 1371 669 venisse
1407 616 1474 667 L.
1519 613 1777 674 Camillo,

82 723 83 726 ,
124 734 127 737 ,
176 681 353 748 Appio
393 681 626 734 Claudio
670 684 1030 746 Consulibus,
1078 685 1320 752 reperim
1388 685 1479 737 42.
1525 685 1777 747 Quorsus

79 759 86 808 ξ
179 749 347 802 baec&
389 750 463 801 Ut
487 751 835 819 intelligatis,
865 754 918 804 si
935 755 1279 820 voluptatem
1300 753 1587 820 aspernari
1604 752 1781 803 ratio-

181 834 248 873 ne
267 825 323 872 et
339 820 618 886 sapientia
636 837 746 873 non
769 836 1337 889 possemus‚magnam
1362 821 1675 874 habendam
1694 835 1781 873 se·

179 889 386 942 nectuti
423 891 696 956 gratiam,
741 903 884 954 quae
913 889 1190 951 effecerit,
1232 896 1295 940 ut
1324 890 1387 940 id
1418 905 1529 941 non
1554 889 1779 949 liberet,

181 957 326 1025 quod
357 972 470 1008 non
501 964 808 1022 oporteret.
877 957 1119 1022 Impedit
1147 959 1292 1008 euim
1316 958 1609 1008 eonsilium
1625 957 1781 1008 volu·-

179 1033 320 1094 μελε,
345 1027 560 1078 rationi
578 1027 830 1078 inimica:
871 1041 940 1080 ac
962 1026 1182 1088 mentis,
1212 1031 1277 1075 ut
1293 1025 1378 1076 ita
1396 1025 1781 1092 dieam,1prae-

181 1096 406 1162 stringit
437 1095 660 1158 oeulos;
703 1110 806 1147 nec
836 1095 1006 1149 habet
1037 1095 1213 1147 ullum
1242 1109 1367 1146 cum
1394 1095 1600 1146 virtute
1632 1107 1781 1146 com-

181 1165 462 1218 mercium.
533 1165 747 1216 Invitus
771 1164 997 1231 quidem
1017 1163 1147 1224 feci,
1184 1169 1247 1214 ut
1266 1163 1563 1215 fortissimi
1582 1162 1693 1214 viri
1712 1163 1781 1213 T.

180 1233 481 1287 Flaminini
520 1233 755 1284 fratrem
793 1234 860 1286 L.
887 1233 1265 1288 Flamininum
1308 1247 1340 1282 e
1374 1231 1581 1285 Senatu
1620 1231 1785 1282 eiiee-
1880 1253 1883 1256 ⁴

179 1317 314 1364 rem,
345 1309 478 1354 octo
501 1303 656 1354 annis
679 1307 839 1366 post,
878 1317 1047 1368 quam
1076 1300 1281 1352 Consul
1301 1300 1525 1352 fuisset=
1566 1299 1667 1351 sed
1686 1313 1785 1350 no·

181 1371 404 1422 tendam
431 1372 622 1435 putavi
644 1370 946 1422 libidinem.
987 1369 1091 1422 llle
1112 1370 1261 1422 enim
1288 1383 1453 1435 quum
1474 1374 1623 1420 esset
1646 1369 1787 1418 Con·

178 1441 292 1503 sul,
330 1439 387 1489 in
415 1439 605 1491 Gallia
635 1445 898 1491 exoratus
923 1439 986 1491 in
1017 1439 1271 1491 convivio
1302 1453 1337 1489 a
1355 1443 1541 1490 scorto
1563 1443 1675 1499 est,
1719 1439 1787 1487 ut

181 1508 364 1561 securi
393 1508 590 1559 feriret
617 1508 859 1575 aliquem
883 1524 1103 1570 eorum,
1146 1507 1319 1575 quiin
1339 1506 1577 1559 vinculis
1598 1510 1789 1558 essent
1819 1503 1824 1507 ’

181 1577 428 1629 damnati
447 1576 533 1628 rei
553 1577 830 1643 capitalis.
860 1576 991 1639 Hic,
1009 1578 1165 1638 Tito,
1186 1576 1359 1627 fratre
1380 1590 1502 1638 suu,
1526 1576 1785 1635 censore,

179 1647 274 1713 qui
300 1646 585 1711 proximus
609 1652 738 1697 ante
749 1660 848 1697 -me
872 1646 1071 1707 fuerat,
1092 1646 1315 1711 elapsus
1338 1650 1451 1707 est3
1491 1642 1629 1695 mihi
1648 1656 1783 1695 vero

178 1720 234 1766 et
255 1714 462 1765 Flacco
483 1714 802 1779 neutiquam
823 1716 1055 1782 probari
1076 1713 1262 1781 potuit
1282 1719 1399 1765 tam
1418 1710 1707 1779 flagitiosa
1724 1716 1787 1763 et

177 1790 294 1834 tam
315 1782 540 1849 perdita
557 1782 753 1847 libido,
777 1800 915 1851 quae
940 1799 1062 1835 cum
1085 1784 1289 1850 probro
1310 1782 1533 1849 privato
1560 1780 1793 1831 coniunae.

89 1850 91 1855 ’
178 1858 342 1918 geret
363 1850 576 1916 imperii
596 1851 854 1905 dedecus.
909 1850 1057 1903 xm.
1076 1852 1165 1903 43.
1202 1852 1379 1917 Saepe
1402 1849 1595 1901 audivi
1614 1864 1649 1899 a
1667 1862 1787 1899 ma·
1852 1914 1857 1919 .

177 1920 394 1971 iuribus
419 1926 578 1983 natu,
621 1920 718 1986 qui
751 1935 810 1971 ne
838 1934 1006 1984 porro
1028 1934 1233 1985 pueros
1262 1934 1298 1969 a
1316 1918 1540 1970 senibus
1562 1916 1786 1969 audisse

177 1988 452 2051 dicebant,
482 1990 678 2041 mirari
697 1988 928 2039 solitum
950 1989 1008 2040 C.
1031 1986 1365 2049 Fabricium,
1410 1986 1575 2054 quod,
1612 2000 1783 2053 quum

96 2064 100 2073 '
175 2057 326 2125 apud
337 2058 544 2123 Regem
560 2056 834 2125 Pyrrhum
859 2056 1079 2123 legatus
1100 2064 1265 2120 esset,
1292 2056 1539 2109 audisset
1564 2055 1785 2107 a'l'hes-

100 2170 101 2173 η
173 2127 298 2180 salo
323 2127 510 2189 Cinea,
533 2144 652 2181 esse
675 2126 966 2194 quemdam
985 2124 1235 2187 Athenis,
1266 2128 1361 2192 qui
1384 2141 1445 2177 se
1467 2127 1775 2192 sapientem
1869 2167 1871 2169 ,

172 2196 552 2263 profiteretur,
572 2211 802 2262 eumque
824 2195 1030 2257 dicere,
1061 2195 1261 2257 omnia,
1284 2211 1425 2263 quae
1450 2194 1781 2254 faceremus,

171 2264 248 2317 ad
268 2264 617 2330 voluptatem
639 2280 760 2317 esse
781 2263 1100 2325 referenda:
1126 2263 1271 2331 quod
1294 2278 1363 2315 ex
1382 2278 1449 2315 eo
1472 2262 1785 2321 audientes,

171 2334 250 2386 Μ’
277 2334 506 2386 Curium
526 2339 584 2385 et
610 2334 699 2384 Ti.
727 2334 1131 2385 Coruncanium
1154 2332 1351 2399 opta-re
1373 2332 1599 2392 solitos,
1640 2334 1704 2380 ut
1722 2328 1783 2379 id

172 2403 514 2457 Samnitibus
544 2402 760 2469 ipsique
779 2400 994 2469 Pyrrho
1018 2402 1471 2467 persuaderetur,
1510 2414 1619 2467 quo
1640 2396 1782 2449 faci-⁴

173 2472 290 2525 lius
317 2472 468 2523 vinci
493 2475 741 2537 possent,
785 2486 952 2537 quum
979 2486 1040 2523 se
1068 2470 1451 2535 voluptatibus
1474 2468 1777 2521 dedissent.

106 2540 116 2601 ἕ,
176 2540 419 2594 vixerat
447 2541 523 2593 Μ’
560 2539 757 2591 Curius
796 2554 919 2591 cum
946 2537 1008 2590 P.
1037 2538 1243 2599 Deci0‚
1285 2539 1381 2604 qui
1410 2536 1777 2603 quinquennio

174 2620 312 2665 ante
344 2625 469 2665 eum
488 2608 782 2663 Consulem
807 2624 870 2667 se
898 2622 1002 2678 pro
1034 2607 1322 2677 republica
1354 2610 1553 2675 quarto
1574 2606 1781 2659 oonsu-

105 2815 116 2885 l

251 2678 372 2735 th.
395 2678 496 2732 Or.
515 2678 587 2733 X.
1282 2720 1289 2723 .
1318 2670 1367 2727 B
