2087 2914
315 118 384 169 ω
839 103 1381 167 ΡΑΒΑΒΟΧᾼ

313 218 416 269 illa
454 224 575 269 tum
615 215 840 279 civitas,
879 228 1050 282 quum
1088 216 1242 283 leges
1281 218 1340 268 in
1370 230 1440 269 ea
1466 212 1606 267 nihil
1630 214 1912 267 valebant·

315 299 482 353 quum
500 283 712 336 iudicia
729 284 1008 337 iacebant:
1046 298 1211 350 quum
1231 300 1351 338 mos
1371 285 1587 353 patrius
1610 282 1888 335 occiderat
1902 299 1917 314 ·

315 368 502 423 quum,
543 351 695 405 ferro
713 352 890 419 pulsis
909 352 1346 418 magistratibus,
1386 353 1623 407 Senatus
1644 365 1844 403 nomen
1863 351 1917 401 in

313 422 602 491 republica
627 436 740 473 non
771 425 910 473 erat.
977 420 1328 475 Praedonum
1357 422 1455 475 ille
1475 434 1798 481 concursus,
1842 426 1921 480 et,

315 500 373 546 te
393 492 550 552 duce,
569 488 922 543 latrocinium
941 491 1003 543 in
1022 490 1149 544 foro
1176 491 1558 555 constitutum,
1579 496 1635 543 et
1652 488 1922 556 reliquiae

315 556 714 614 coniurationis
747 572 782 611 a
802 560 1081 612 Catilinae
1108 560 1273 612 furiis
1304 560 1379 611 ad
1398 566 1555 612 tuum
1574 559 1754 611 scelus
1773 559 1923 609 furo·

313 643 540 695 remque
567 640 884 692 conversae,
907 644 1019 681 non
1038 628 1237 681 civitas
1256 635 1398 681 erat.
1466 630 1555 681 28.
1589 628 1788 694 Itaque
1806 627 1923 693 pul-

313 713 410 750 sus
431 710 536 763 ego
559 695 790 750 civitate
809 714 917 750 non
953 713 1096 762 sum,
1119 710 1261 766 quae
1276 696 1434 750 nulla
1452 703 1598 750 erat:
1622 696 1924 748 arcessitus

315 769 373 818 in
411 765 699 817 civitatem
739 780 890 829 sum,
927 782 1095 833 quum
1126 773 1275 820 esset
1298 766 1358 817 in
1382 764 1677 832 republica
1696 764 1926 824 Consul,

317 835 552 902 quitum
573 834 756 886 nullus
775 833 985 887 fuel-ate
1029 841 1180 888 esset
1199 835 1435 887 Senatus
1448 870 1465 896 ‚
1505 835 1607 903 qui·
1628 839 1751 885 tum
1780 832 1927 884 ocei-

269 923 296 932 ··
321 905 506 957 derat:
549 909 700 957 esset
732 917 1030 956 consensus
1061 903 1259 972 populi
1285 903 1478 955 liberi:
1521 908 1671 955 esset
1705 901 1844 953 iuris
1868 908 1927 953 et

321 972 650 1041 aequitatis,
689 988 834 1041 quae
853 974 1078 1026 vincula
1096 980 1231 1025 sunt·
1244 973 1515 1035 civitatis,
1546 972 1788 1041 repetita
1817 985 1929 1021 me-

319 1044 518 1096 moria.
588 1043 668 1095 Ac
696 1042 854 1106 vide,
897 1058 1062 1112 quam
1090 1043 1205 1095 ista
1230 1044 1316 1095 tui
1348 1042 1637 1094 latrocinii
1652 1040 1783 1094 'tela
1802 1053 1926 1090 con-

319 1110 662 1179 tempserim.
701 1111 912 1163 laetam
935 1118 993 1165 et
1011 1112 1315 1163 immissam
1336 1126 1371 1163 a
1386 1117 1445 1164 te
1467 1109 1736 1163 nefariam
1758 1110 1817 1160 in
1836 1122 1928 1158 me

321 1180 582 1233 iniuriam
612 1194 832 1299 semtper
860 1181 1017 1232 duxi:
1060 1182 1379 1247 pervenisse
1408 1180 1481 1233 ad
1510 1195 1599 1232 me
1628 1190 1927 1245 numquam

321 1249 541 1317 putavi:
584 1246 697 1299 nisi
745 1254 895 1312 orte,
939 1264 1105 1317 quum
1134 1249 1376 1318 parietes
1406 1249 1790 1310 disturbabas,
1830 1254 1929 1297 aut

323 1333 493 1387 quum
514 1318 682 1371 tectis
702 1318 1006 1372 sceleratas
1026 1318 1177 1373 faces
1208 1318 1515 1383 inferebas,
1556 1330 1807 1371 meorum
1828 1316 1929 1367 ali-

326 1388 459 1456 quid
487 1402 650 1440 ruere
672 1393 770 1439 aut
791 1386 1098 1456 deflagrare
1120 1388 1485 1441 arbitrabare.
1552 1388 1643 1441 29.
1663 1384 1822 1440 Nihil
1838 1400 1931 1438 ne-

325 1473 430 1526 que
451 1472 638 1510 meum
660 1462 764 1520 est,
791 1473 968 1526 neque
991 1460 1327 1526 cuiusquam,
1359 1457 1509 1526 quod
1530 1455 1759 1520 auferri,
1782 1454 1933 1523 quod

325 1525 498 1594 eripi,
539 1525 688 1594 quod
715 1527 905 1579 amitti
931 1533 1137 1596 potest.
1208 1527 1269 1581 Si
1296 1528 1435 1582 mihi
1466 1527 1763 1594 eripuisses
1797 1525 1935 1576 divi-

325 1611 455 1648 nam
497 1595 667 1652 animi
693 1596 806 1650 mei
841 1599 1214 1652 constantiam
1230 1635 1248 1662 ,
1287 1611 1443 1650 meas
1464 1611 1649 1659 curas,
1690 1593 1933 1661 vigilias,

327 1663 580 1729 consilia,
597 1655 795 1733 qiiibus
813 1667 1129 1734 respublica
1144 1673 1206 1719 te
1225 1665 1563 1719 invitissimo
1584 1671 1729 1729 stat3
1763 1663 1817 1716 si
1838 1660 1933 1720 hu.-

325 1737 413 1786 ius
436 1735 651 1786 aeterni
668 1735 925 1787 beneficii
944 1736 1319 1788 immortalem
1348 1736 1675 1787 memoriam
1699 1732 1933 1785 delevis-

328 1819 446 1867 ses3
485 1803 663 1854 multo
687 1803 858 1855 etiam
881 1804 1059 1870 magis
1080 1804 1131 1854 si
1150 1803 1306 1853 illam
1330 1809 1589 1865 mentem,
1625 1801 1771 1854 unde
1794 1799 1935 1853 haec

329 1871 566 1925 consilia
588 1877 897 1935 manarunt,
918 1871 1057 1925 mihi
1077 1872 1397 1941 eripuissesz
1418 1878 1538 1924 tum
1562 1885 1669 1939 ego
1692 1869 1935 1936 accepis-

329 1958 390 1995 se
421 1955 510 1994 me
544 1942 839 1994 confiterer
863 1942 1145 1994 iniuriam.
1216 1940 1327 1994 Sed
1358 1941 1410 1996 si
1438 1940 1578 1994 haec
1604 1955 1707 1994 nec
1727 1937 1936 2000 fecisti,

328 2025 433 2064 nec
452 2010 638 2063 facere
671 2011 934 2077 potuisti:
977 2011 1221 2061 reditum
1245 2008 1381 2060 mihi
1399 2009 1709 2077 gloriosum
1732 2002 1937 2059 iniuria

327 2088 432 2130 tua
451 2077 624 2142 dedit,
653 2093 763 2130 non
784 2078 997 2129 exitum
1017 2077 1422 2129 calamitosum.
1492 2077 1645 2144 Ergo
1668 2087 1774 2140 ego
1796 2087 1936 2124 sem-

329 2161 432 2214 per
453 2145 618 2209 civis3
647 2152 720 2197 et
739 2152 857 2196 tum
876 2145 1117 2199 maxime
1134 2181 1151 2208 ‚
1193 2161 1359 2214 quum
1381 2159 1563 2197 meam
1583 2143 1823 2198 salutem
1842 2140 1937 2195 Se·

331 2222 500 2268 natus
521 2213 728 2268 exteris
749 2215 1087 2279 nationibus,
1107 2219 1172 2268 ut
1194 2215 1328 2268 civis
1352 2214 1564 2281 optimi,
1588 2210 1938 2264 commenda·

333 2285 457 2349 bat3
493 2290 574 2348 tu,
597 2299 666 2336 ne
685 2293 830 2336 nunc
849 2283 1106 2352 quidem:
1150 2285 1258 2338 nisi
1278 2283 1427 2337 forte
1446 2283 1595 2336 idom
1616 2295 1737 2335 esse
1755 2278 1936 2331 hostis

335 2362 394 2406 et
417 2354 554 2406 civis
575 2356 781 2421 potest.
829 2355 992 2406 Antu
1015 2355 1193 2407 civem
1214 2355 1282 2406 ab
1303 2351 1465 2407 hoste
1484 2358 1687 2405 natura
1706 2365 1773 2402 ac
1790 2349 1938 2410 loco,
1974 2385 1989 2394 -
2048 2375 2061 2400 η

338 2439 447 2475 non
470 2424 653 2488 animo
675 2421 948 2490 factisque
983 2422 1321 2490 distinguis!
1389 2423 1457 2475 Π.
1494 2421 1581 2476 30.
1618 2418 1859 2474 Caedem
1877 2417 1939 2469 in

337 2491 462 2542 foro
487 2491 702 2545 fecisti:
730 2494 962 2546 armatis
980 2492 1293 2545 latronibus
1311 2497 1423 2545 tem
1462 2492 1521 2544 la
1538 2489 1797 2546 tenuisti:
1828 2489 1940 2556 pri·

339 2565 592 2612 vatorum
615 2560 829 2624 domos,
853 2561 1018 2614 aedes
1035 2576 1227 2614 sacras
1249 2561 1409 2615 incen
1451 2561 1558 2615 ἐπὶ.
1632 2563 1743 2614 Cur
1761 2557 1941 2611 hostis

341 2625 667 2692 Spartacus,
711 2631 762 2681 si
800 2636 864 2680 tu
893 2629 1065 2682 civis}
1102 2629 1269 2684 Potes
1300 2635 1488 2685 autem
1516 2637 1581 2683 tu
1618 2645 1739 2684 esse
1782 2627 1934 2692 civis,-
