2087 2914
225 126 300 181 21
771 120 988 176 CATO
1024 120 1295 175 MAIOR

229 225 344 281 tut!
381 227 559 292 Atque
580 230 644 276 ut
663 224 1016 293 intelligatis,
1038 221 1179 276 nihil
1200 224 1255 275 ei
1278 228 1395 275 tam
1416 221 1607 291 regale
1628 218 1825 284 videri,

227 311 392 365 quam
421 294 668 345 studium
700 295 825 359 agri
846 292 1081 355 colendi,
1120 292 1379 345 Socrates
1408 293 1469 343 in
1494 306 1559 345 eo
1580 290 1725 341 libro
1747 290 1827 341 lo-

227 366 418 431 quitur
437 379 557 414 cum
580 362 888 425 Critobulo,
925 363 1131 427 Cyrum
1148 362 1433 425 minorem,
1472 361 1678 427 Regem
1700 358 1829 410 Per·

227 448 439 494 sarum,
486 435 863 499 praestantem
902 430 1127 495 ingenio
1169 436 1337 498 atque
1377 430 1596 497 imperii
1628 427 1827 497 gloria,-

227 517 396 570 quum
415 499 707 568 Lysander
726 498 1231 563 Lacedaemonius,
1266 501 1355 552 vir
1380 512 1629 551 summae
1658 497 1831 549 virtu·-

225 573 322 634 tis,
344 570 586 623 venisset
609 568 682 620 ad
701 578 827 619 eum
849 567 1060 631 Sardis,
1092 569 1253 634 eique
1276 568 1421 621 dona
1442 584 1477 620 a
1496 568 1667 620 sociis
1688 570 1831 618 attu-

225 640 410 691 lisset:
453 643 511 689 et
541 638 745 691 ceteris
773 638 833 689 in
862 638 1026 690 rebus
1053 637 1442 705 com[mun]em
1463 652 1599 705 erga
1616 636 1832 703 Lysan-
1866 649 1869 653 ·

228 709 387 759 drum
411 711 576 772 atque
597 704 894 757 humanum
923 706 1131 768 fuisse,
1170 711 1228 757 et
1258 707 1309 758 ei
1330 707 1623 773 quemdam
1644 718 1833 756 conse-2

227 784 386 845 ptum
407 788 618 841 agrum,
642 776 942 843 diligenter
965 775 1259 837 consitum,
1282 775 1621 827 ostendisse:
1664 786 1833 839 quum

231 850 419 899 autem
450 844 819 897 admiraretur
846 844 1142 913 Lysander
1176 850 1235 895 et
1262 845 1633 911 proceritates
1674 843 1835 893 arbo·

230 928 371 977 rum,
405 918 463 966 et
495 913 736 967 directos
757 915 816 964 in
849 916 1208 981 quincuncem
1234 915 1483 976 ordines,
1524 919 1581 966 et
1608 911 1831 963 humum

231 985 520 1037 subactam
543 988 709 1049 atque
729 998 949 1050 puram,
991 987 1051 1035 et
1082 984 1414 1034 suavitatem
1436 982 1697 1044 odorum,
1738 979 1837 1046 qui

233 1052 556 1104 afflarentur
577 1068 608 1103 e
627 1050 880 1103 floribusz
901 1058 1022 1101 tum
1039 1050 1263 1112 dixisse,
1288 1052 1483 1101 mirari
1504 1066 1563 1101 se
1584 1064 1698 1100 non
1718 1061 1837 1099 mo·

232 1121 302 1171 do
325 1120 704 1185 diligentiam,
739 1119 837 1170 sed
865 1120 1032 1169 etiam
1052 1118 1359 1169 sollertiam
1384 1119 1529 1179 eius,
1567 1132 1603 1169 a
1624 1130 1731 1183 quo
1754 1130 1837 1167 es·

232 1194 356 1241 sont
381 1187 486 1238 illa
516 1186 766 1237 dimensa
795 1192 964 1253 atque
997 1185 1296 1252 descripta:
1342 1193 1399 1238 et
1432 1188 1487 1237 ei
1516 1188 1721 1253 Cyrum
1740 1200 1837 1248 ,re-

232 1256 546 1325 spondisse:
589 1256 762 1323 Atqui
791 1272 890 1325 ego
913 1254 1093 1307 omnia
1116 1255 1228 1308 ista
1251 1272 1367 1307 sum
1390 1255 1652 1307 dimensus
1664 1271 1687 1315 ‚·
1730 1253 1837 1306 mei

233 1336 361 1379 mm
390 1324 630 1387 ordines,
669 1340 786 1377 mea
815 1324 1111 1391 descriptio
1124 1341 1147 1385 ‚·
1187 1328 1390 1376 multae
1410 1324 1577 1377 etiam
1598 1324 1835 1375 istarum

233 1395 488 1447 arborum
507 1410 623 1445 mea
641 1409 804 1447 manu
827 1402 952 1445 sunt
969 1402 1141 1445 satae.
1198 1394 1343 1443 Tum
1364 1392 1735 1462 Lysandrum,
1756 1392 1839 1443 in·

235 1469 483 1516 tuentem
525 1462 642 1513 eius
684 1477 982 1529 purpuram
1027 1469 1085 1514 et
1126 1462 1366 1514 nitorem
1396 1463 1649 1529 corporis
1681 1477 1839 1513 orna-

234 1540 462 1599 tumque
483 1529 766 1583 Persicum
786 1531 962 1582 multo
983 1545 1119 1582 auro
1143 1531 1439 1598 multisque
1464 1532 1725 1598 gemmis,
1760 1531 1840 1582 di·

234 1604 409 1654 xisse:
455 1599 626 1652 Recte
646 1616 770 1652 vero
793 1609 863 1664 te,
894 1599 1050 1669 Cyre,
1092 1599 1306 1653 beatum
1325 1602 1546 1674 ferunt,
1584 1600 1837 1669 quoniam

235 1669 437 1723 virtuti
465 1679 590 1721 tuae
611 1669 851 1740 fortuna
887 1670 1176 1723 coniuncta
1204 1679 1301 1723 est.
1370 1671 1459 1724 60.
1492 1671 1619 1723 Hac
1662 1670 1838 1738 igitur

237 1739 464 1792 fortuna
495 1737 611 1788 frui
641 1737 776 1790 licet
807 1739 1061 1791 senibus:
1104 1755 1209 1792 nec
1239 1746 1393 1792 aetas
1425 1739 1685 1806 impedit,
1729 1753 1837 1806 quo

233 1808 417 1858 minus
443 1811 500 1859 et
521 1812 827 1859 ceterarum
847 1823 1057 1872 rerum,
1098 1815 1155 1861 et
1175 1809 1235 1860 in
1256 1811 1449 1876 primis
1472 1811 1595 1878 agri
1618 1806 1840 1862 colendi

235 1876 426 1928 studia
455 1882 739 1928 teneamus
773 1893 948 1944 usque
979 1879 1052 1930 ad
1072 1879 1330 1930 ultimum
1350 1886 1569 1944 tenipus
1590 1883 1841 1930 senectu-

235 1945 330 1996 tis.
365 1945 444 1996 M.
469 1946 691 2011 quidem
711 1945 1002 1998 Valerium
1023 1949 1263 1999 Corvum
1282 1949 1600 2014 accepimus
1623 1945 1696 2005 ad
1717 1959 1837 1996 cen·

234 2013 496 2064 tesimum
516 2029 718 2064 annum
737 2014 1083 2080 perduxisse,
1114 2029 1280 2080 quum
1303 2022 1451 2067 esset
1471 2021 1598 2064 acta
1615 2014 1727 2062 iam
1750 2025 1837 2063 ae·

233 2086 356 2133 tate
374 2080 438 2130 in
455 2081 624 2148 agris,
661 2097 868 2148 eosque
891 2081 1133 2134 coleret:
1178 2084 1335 2133 cuius
1355 2082 1502 2133 inter
1524 2082 1759 2148 primum
1778 2084 1839 2148 'et

235 2155 456 2202 sextum
488 2148 846 2201 Consulatum
878 2163 978 2202 sex
1005 2157 1065 2203 et
1092 2151 1466 2218 quadraginta
1504 2150 1635 2200 anni
1672 2149 1841 2200 inter·

235 2219 480 2270 fuerunt.
549 2217 742 2286 ltaque
775 2226 1042 2285 quantum
1084 2221 1327 2286 spatium
1360 2220 1566 2272 aetatis
1598 2218 1839 2270 maiores

236 2287 415 2338 nostri
441 2285 513 2338 ad
545 2290 848 2340 senectutis
877 2289 1101 2340 initium
1130 2303 1255 2341 esse
1287 2287 1610 2350 voluerunt,
1651 2292 1841 2338 tantus

235 2356 327 2407 illi
345 2371 538 2408 cursus
567 2355 838 2408 honorum
871 2356 1000 2410 fuit.
1070 2358 1253 2424 Atque
1273 2358 1393 2410 eius
1412 2361 1664 2409 extrema
1684 2361 1840 2408 actas

238 2423 346 2476 hoc
365 2425 601 2488 beatior,
643 2441 808 2493 quam
832 2426 1032 2490 media,
1057 2427 1205 2494 quod
1224 2426 1578 2478 auctoritatis
1598 2426 1723 2492 plus
1744 2423 1841 2477 ha-

237 2493 433 2555 bebat,
477 2493 689 2546 laboris
717 2512 850 2548 vero
885 2497 1086 2548 minus.
1155 2497 1312 2562 A'pex
1333 2501 1517 2548 autem
1536 2496 1843 2548 senectutis

239 2567 328 2614 est
359 2563 677 2614 auctoritas.
747 2563 833 2616 61.
869 2565 1093 2625 Quanta
1124 2563 1231 2615 fuit
1261 2566 1321 2616 in
1351 2564 1419 2616 L.
1450 2566 1693 2619 Caecilio
1723 2565 1840 2618 Me-

239 2628 406 2684 tollo!
449 2638 654 2700 quauta
676 2633 732 2685 in
752 2635 952 2687 Attilio
977 2634 1263 2688 Calatino!
1296 2634 1357 2692 in
1374 2649 1540 2706 quem
1560 2634 1707 2688 illud
1730 2635 1844 2688 clo-
