2087 2914
546 116 658 169 os
693 84 1201 174 sstcTiJTE
1236 117 1403 171 cAP.
1438 116 1490 171 3.
1520 120 1573 170 4.
1832 116 1866 169 5

263 218 513 287 'aliquid3
541 221 638 273 sed
661 201 1002 291 nequaquam
1023 223 1084 275 in
1104 222 1214 275 isto
1236 227 1366 273 sunt
1390 212 1597 273 omnia:
1641 225 1705 271 ut
1724 216 1867 271 The·
1916 232 1929 249 ¹

273 290 552 341 mistocles
587 288 768 343 fertur
795 291 1053 359 Seriphio
1092 292 1312 344 cuidam
1343 292 1404 342 in
1432 290 1613 357 iurgio
1644 304 1869 355 respon-

270 358 436 421 disse,
476 373 644 426 quum
663 360 764 413 ille
787 360 1038 424 dixisset,
1082 377 1194 413 non
1216 369 1340 413 eum
1370 376 1488 423 sua,
1529 359 1626 411 sed
1648 358 1869 427 patriae

270 427 454 493 gloria
471 428 822 495 splendorem
845 437 1187 483 assecutum:
1230 447 1325 484 nec
1348 430 1579 493 hercule,
1600 429 1796 495 inquit,
1819 425 1870 477 si

269 513 368 565 ego
393 496 674 565 Seriphius
695 513 876 563 essem,
899 500 1111 563 nobili-s,
1133 517 1228 553 nec
1250 508 1327 562 tu,
1351 501 1401 553 si
1426 497 1769 551 Atheniensis
1792 513 1868 550 es·

269 580 376 629 see,
417 568 597 619 clarus
623 582 875 635 umquam
909 570 1135 641 fuisses.
1208 569 1371 631 Quod
1395 569 1590 621 eodem
1612 566 1777 619 modo
1800 566 1870 616 de

269 640 557 689 senectute
576 643 761 704 potest
779 638 912 690 dici:
979 638 1175 705 Neque
1198 640 1345 690 enim
1367 639 1425 690 in
1446 652 1663 689 summa
1681 634 1872 703 inopia

270 704 410 756 levis
433 720 555 758 esse
576 712 830 760 senectus
849 713 1065 773 potest,
1108 722 1177 759 ne
1196 708 1442 774 sapienti
1474 706 1725 774 quidem:
1769 720 1871 755 nec

267 774 559 842 insipienti
580 777 751 829 etiam
772 776 828 827 in
849 780 1064 829 summa
1086 777 1246 843 copia
1264 792 1373 828 non
1394 777 1601 845 gravis.
1623 777 1672 829 9.
1687 774 1872 841 Aptis-

269 844 414 895 sima
434 845 658 897 omnino
681 852 827 908 sunt,
870 845 1058 911 Scipio
1082 851 1140 896 et
1163 846 1350 909 Laeli,
1394 861 1547 897 arma
1567 843 1871 897 senectutis

269 918 422 965 artes
443 914 980 980 exercitationesque
1002 915 1265 967 virtutum
1279 951 1294 977 ,
1336 926 1501 987 quae,
1534 916 1592 966 in
1612 913 1761 965 omni
1782 928 1875 963 ae·

267 988 392 1035 tate
413 983 627 1045 cultae,
667 997 832 1049 quum
856 983 1089 1033 multum
1112 982 1314 1049 diuque
1335 982 1562 1047 vixeris,
1602 982 1872 1033 mirificos

270 1052 510 1104 efferunt
529 1051 760 1114 fructus,
783 1066 890 1103 non
911 1052 1092 1103 solum
1118 1053 1247 1120 quia
1270 1068 1565 1120 numquam
1590 1052 1891 1112 deserunt,·

271 1137 341 1173 nc
362 1122 421 1173 in
441 1126 691 1174 extremo
723 1122 945 1189 quidem
967 1128 1220 1189 tempore
1242 1124 1475 1185 aetatis,
1514 1126 1873 1189 (quamquam

274 1190 334 1241 id
354 1191 654 1244 maximum
678 1195 803 1253 est,)
827 1206 1015 1243 verum
1043 1194 1226 1255 ctiam,
1270 1194 1410 1260 quia
1424 1192 1763 1245 conscientia
1783 1191 1874 1241 be-

273 1276 342 1313 ne
362 1266 524 1313 actae
545 1261 698 1313 vitae
729 1260 1142 1327 multorumque
1164 1262 1584 1314 benefactorum
1616 1259 1875 1313 recorda-

273 1330 356 1380 tio
398 1330 798 1382 iucundissima
839 1334 944 1383 cst.
1018 1328 1113 1382 lV.
1154 1329 1236 1383 10.
1282 1331 1404 1399 Ego
1448 1334 1515 1395 Q.
1547 1330 1872 1389 Maximum,

273 1414 419 1463 eum,
441 1400 536 1468 qui
557 1401 862 1468 Tarentum
879 1400 1110 1468 recepit,
1144 1396 1468 1454 adolescens
1490 1401 1574 1452 ita
1596 1399 1771 1452 dilexi
1792 1414 1877 1451 se·

275 1485 426 1533 nem,
465 1475 528 1522 ut
562 1469 868 1538 aequalem.
939 1470 1081 1522 Erat
1102 1472 1324 1530 enimin
1346 1472 1444 1523 illo
1467 1471 1585 1522 viro
1610 1470 1877 1524 comitate

275 1539 502 1610 condita
541 1541 818 1607 gravitas3
879 1555 981 1592 nec
1017 1547 1275 1610 senectus
1319 1557 1503 1593 mores
1545 1545 1876 1591 mutaverat.

273 1607 616 1676 Quamquam
635 1625 760 1662 eum
783 1610 967 1662 colere
987 1611 1153 1678 coepi·
1170 1626 1281 1662 non
1294 1610 1589 1662 admodum
1614 1608 1878 1675 grandem

275 1684 426 1740 natu,
469 1677 570 1730 sed
587 1683 773 1731 tamen
794 1679 905 1730 iam
931 1684 1119 1732 aetate
1138 1685 1479 1747 provectum.
1548 1680 1703 1732 Anno
1730 1678 1877 1731 enim

275 1752 403 1814 post
437 1747 641 1798 Consul
671 1748 909 1815 primum
941 1748 1155 1812 fuerat,
1195 1766 1358 1819 quam
1388 1764 1493 1816 ego
1527 1754 1691 1800 natus
1726 1763 1875 1798 sum:

276 1830 506 1883 eumque
545 1831 614 1868 eo
650 1824 909 1884 quartum
949 1821 1187 1871 Consule
1229 1817 1675 1884 adolescentulus
1714 1816 1876 1877 milen

275 1883 557 1956 profectus
585 1901 707 1938 sum
737 1886 809 1936 ad
833 1889 1099 1952 Capuam,
1142 1889 1443 1954 quintoque
1472 1903 1615 1938 anno
1648 1892 1774 1954 post
1804 1885 1874 1936 ad

275 1956 596 2007 Tarentum.
663 1954 948 2017 Quaestor
979 1955 1180 2009 deinde
1222 1957 1474 2024 [Aedilis]
1510 1955 1875 2024 quadriennio

273 2030 403 2091 post
431 2023 614 2076 factus
637 2039 760 2077 sum
787 2025 1088 2094 [praetor]=
1130 2041 1291 2094 quem
1314 2027 1699 2096 magistratum
1731 2025 1877 2091 gessi

273 2095 604 2148 Consulibus
627 2095 913 2147 Tuditano
937 2101 996 2148 et
1009 2094 1286 2166 Cethego,
1328 2112 1493 2164 quum
1516 2095 1738 2164 quidem
1759 2094 1878 2154 ille,

273 2164 567 2217 admodum
591 2179 776 2228 senex,
795 2179 994 2217 suasor
1011 2167 1153 2234 legis
1169 2167 1391 2219 Cinciae
1412 2167 1481 2219 de
1504 2165 1663 2217 donis
1686 2169 1741 2215 ct
1760 2179 1877 2214 mu·

273 2235 494 2286 neribus
513 2233 640 2296 fuit,
662 2233 754 2286 hic
767 2235 981 2288 etbella
991 2237 1237 2302 gerebat,
1262 2242 1325 2288 ut
1344 2236 1685 2296 adolescens,
1706 2245 1875 2299 quum

160 2361 180 2376 Ι
271 2303 440 2370 plane
465 2303 692 2372 grandis
723 2310 897 2367 esset,
935 2311 992 2356 et
1022 2304 1396 2357 Hannibalem
1434 2302 1751 2356 iuveniliter
1783 2316 1876 2352 cx·

273 2372 569 2426 sultantem
599 2373 878 2439 patientia
892 2389 1000 2425 sua
1019 2375 1331 2427 molliebat:
1369 2373 1442 2426 ‘de
1461 2387 1568 2440 quo
1590 2368 1878 2439 praeclare

275 2442 568 2494 familiaris
595 2448 788 2494 noster
809 2443 1047 2494 Ennius:
1289 2455 1313 2482 ·-

348 2513 497 2566 Unus
519 2511 670 2564 homo
693 2510 843 2564 nobis
865 2511 1169 2564 cunctando
1192 2510 1449 2563 restituit
1468 2524 1599 2562 rem.

350 2581 473 2636 Ncm
493 2581 581 2634 hic
598 2581 837 2649 ponebat
859 2597 1104 2632 rumores
1126 2590 1256 2632 ante
1278 2581 1525 2631 salutem.

351 2651 503 2721 Ergo
519 2661 752 2719 postque
772 2650 1053 2721 magisque
1075 2649 1182 2702 viri
1201 2663 1343 2703 nunc·
1354 2648 1542 2718 gloria
1569 2647 1759 2697 claret.

2027 105 2032 149 ⁴.
