2087 2914
240 115 343 172 316
444 91 1650 172 T.UsanAN.DISPUTAT10NUM
1724 159 1733 166 ,

26 227 56 270 ’.
73 225 536 346 ψιῌ-ἷαξξρηιωι
554 220 834 292 quaesivit
859 219 932 272 ad
961 219 1235 274 iudicium
1258 221 1481 287 capitis,
1516 237 1621 274 nec
1647 221 1850 276 iudici·
1876 273 1881 278 ,
1976 252 1997 276 0

277 306 342 342 us
361 290 594 358 supplex
615 290 751 342 fuit:
774 287 1139 356 adhibuitque
1160 289 1397 342 liberam
1415 292 1849 356 contumaciam,

239 377 276 413 a
295 359 679 428 magnitudine
699 359 872 412 animi
891 359 1141 422 ductam,
1170 374 1283 412 non
1302 361 1645 428 a‘superbiaz
1682 366 1740 414 et
1760 377 1875 413 su-·

245 444 438 498 premo
457 430 614 498 vitae
635 429 726 481 die
748 427 816 480 de
835 426 950 490 hoc
959 429 1085 495 ipso
1106 429 1286 481 multa
1305 428 1595 493 disseruit,
1640 437 1699 482 et
1718 445 1852 497 pau-

245 500 328 552 cis
345 505 480 552 ante
498 498 720 566 diebus,
763 512 927 564 quum
946 497 1121 550 facile
1136 505 1328 565 posset
1344 499 1507 552 educi
1526 517 1559 553 e
1576 499 1851 561 custodia,

243 569 450 621 noluitt
473 573 532 622 et
551 583 717 636 quum
735 581 914 634 paene
933 567 992 618 in
1013 582 1181 618 manu
1200 567 1315 621 iam
1338 570 1689 622 mortiferum
1707 568 1852 620 illud

242 643 462 692 teneret
478 637 766 706 poculum,
805 637 1024 689 locutus
1048 637 1133 689 ita
1150 643 1264 700 est,
1302 643 1365 690 ut
1386 653 1498 691 non
1518 640 1591 691 ad
1611 644 1853 690 mortem

130 703 188 746 <x
241 708 415 770 trudi,
449 707 639 759 verum
655 707 718 758 in
741 706 956 759 caelum
973 706 1262 759 videretur
1280 709 1597 761 ascendere.
1666 707 1850 760 XXX.

241 779 330 830 lta
349 777 496 829 enim
519 777 805 839 censebat,
844 777 1038 845 itaque
1068 775 1360 830 dissei-uite
1400 778 1537 830 duas
1567 791 1688 830 esse
1706 777 1853 839 vias,

247 846 606 914 duplicesque
646 853 838 898 cursus
881 847 1192 909 animorum
1232 861 1267 898 a
1308 862 1541 916 corpore
1586 845 1855 899 exceden-

243 918 406 970 tium.
479 915 563 969 ⁷2.
599 915 742 968 Nam
771 916 866 984 qui
885 932 947 969 se
967 912 1228 970 humanis
1244 917 1401 975 vitiis
1422 914 1855 976 contaminavis-

245 992 390 1050 sent,
425 992 484 1039 et
501 1000 563 1039 se
581 991 734 1038 totos
754 985 1083 1038 libidinibus
1104 985 1471 1050 dedidissent,
1512 987 1711 1055 quibus
1732 998 1854 1037 cae-

251 1057 383 1120 cati,
425 1057 523 1114 vel,
539 1055 860 1108 domesticis
887 1056 1047 1108 vitiis
1074 1062 1241 1124 atque
1268 1053 1505 1124 flagitiis
1522 1071 1583 1108 se
1604 1055 1853 1123 inquina-

247 1127 478 1188 vissent,
514 1125 608 1178 vel
625 1125 914 1193 republica
932 1125 1201 1178 violanda
1228 1125 1455 1180 fraudes
1482 1124 1855 1194 inexpiabiles
1914 1187 1917 1192 ,

248 1195 660 1263 concepissent,
697 1195 771 1256 iis
811 1193 1032 1245 devium
1057 1194 1337 1260 quoddam
1356 1197 1471 1248 iter
1492 1211 1641 1258 esse,
1680 1193 1855 1248 seclur

246 1279 371 1318 sum
413 1279 450 1316 a
485 1263 725 1316 concilio
743 1263 1020 1316 Deorum:
1056 1264 1155 1330 qui
1186 1270 1371 1317 autem
1392 1281 1453 1318 se
1496 1265 1745 1332 integros
1766 1263 1855 1313 ca·

247 1341 474 1403 stosque
493 1333 894 1397 servavissent,
931 1332 1239 1403 quibusque
1258 1333 1461 1394 fixisset
1476 1334 1709 1388 minima
1728 1345 1855 1385 cum

249 1403 574 1472 corporibus
595 1404 875 1471 contagio,
911 1417 1143 1471 seseque
1166 1403 1236 1455 ab
1258 1402 1347 1455 his
1368 1418 1585 1472 semper
1604 1417 1855 1459 sevocan-

246 1482 388 1537 sent,
433 1479 724 1541 essentque
743 1474 804 1523 in
826 1472 1151 1539 corporibus
1173 1472 1427 1527 humanis
1446 1477 1620 1528 vitam
1644 1472 1856 1525 imitati

246 1544 519 1599 Deorum}
554 1542 644 1594 his
665 1540 736 1594 ad
753 1542 904 1605 illos,
926 1557 961 1593 a
983 1542 1185 1611 quibus
1206 1551 1393 1605 essent
1410 1544 1668 1612 profecti,
1706 1541 1855 1594 redi-

247 1622 366 1668 tum
387 1613 612 1666 facilem
631 1618 842 1680 patere.
913 1611 1000 1665 ⁷3.
1035 1614 1127 1665 Ita
1144 1618 1559 1675 commemorat,
1581 1618 1645 1665 ut
1664 1610 1851 1681 cygni,

247 1685 344 1752 qui
367 1699 478 1735 non
498 1683 620 1735 sine
641 1698 840 1735 caussa
859 1682 1109 1751 Apollini
1128 1684 1306 1735 dicati
1325 1686 1457 1747 sint,
1492 1682 1591 1736 sed
1611 1682 1759 1752 quod
1780 1680 1851 1733 ab

249 1754 742 1809 eo'divinationem
763 1752 970 1805 habere
995 1752 1318 1814 videantur,
1358 1770 1467 1821 qua
1494 1752 1859 1821 providentes-

248 1823 382 1893 quid
407 1824 468 1874 in
495 1826 678 1876 morte
710 1822 844 1873 boni
871 1820 974 1883 sit,
1015 1834 1141 1871 cum
1162 1832 1331 1872 cantu
1352 1829 1411 1873 et
1426 1822 1717 1887 voluptate
1738 1832 1851 1869 mo·

247 1894 486 1946 riantur:
523 1892 608 1944 sic
637 1891 894 1959 omnibus
923 1895 982 1943 et
1001 1889 1165 1943 bonis
1194 1895 1254 1942 et·
1281 1890 1463 1943 doctis
1494 1905 1618 1943 esse
1645 1889 1853 1941 facien-

163 2016 166 2019 ,
248 1963 396 2022 dum.
470 1962 588 2015 Nec
623 1976 756 2014 vero
791 1961 862 2012 de
891 1960 1000 2011 hoc
1035 1963 1325 2027 quisquam
1355 1960 1611 2013 dubitare
1646 1960 1852 2024 posset,

247 2033 358 2083 nisi
373 2031 528 2082 idem
549 2031 711 2081 nobis
734 2027 1038 2087 accideret,
1081 2028 1384 2092 diligenter
1404 2028 1473 2078 de
1492 2029 1681 2079 animo
1702 2022 1851 2089 cogi·-

245 2099 514 2160 tantibus‚
553 2097 702 2163 quod
721 2097 794 2147 iis
813 2107 982 2160 saepe
1001 2096 1262 2145 usuvenit
1274 2130 1291 2158 ,
1332 2096 1427 2161 qui
1445 2096 1653 2147 acriter
1674 2090 1849 2143 oculis

247 2168 594 2237 deficientem
613 2164 790 2217 solem
808 2164 1177 2226 intuerentur,
1196 2170 1260 2216 ut
1282 2164 1605 2231 adspectum
1624 2160 1849 2215 omnino

249 2237 597 2291 amitterent:
620 2234 706 2285 sic
719 2233 925 2287 mentis
949 2233 1099 2285 acies
1120 2235 1309 2301 seipsa
1325 2234 1565 2301 intuens,
1588 2234 1851 2287 nonnum·

247 2321 412 2379 quam
450 2304 735 2368 'hebonem
766 2303 842 2355 ob
879 2316 1113 2371 eamque
1150 2318 1405 2361 caussam
1438 2298 1852 2370 contemplandi

247 2375 602 2443 diligentiam
641 2373 970 2425 amittimus.
1039 2372 1239 2439 ltaque
1280 2373 1567 2435 dubitans,
1623 2372 1851 2426 circum·
1892 2418 1921 2437 ,,

246 2451 524 2511 spectans,
562 2443 865 2506 haesitans,
908 2441 1089 2494 multa
1126 2442 1365 2498 adversa
1391 2456 1649 2515 retegens
1661 2476 1678 2504 ,
1713 2432 1915 2510 tam-51⁴·

248 2526 412 2581 quam
433 2514 496 2563 in
513 2520 654 2574 rate,
691 2514 752 2564 in
773 2513 915 2567 mari
935 2512 1208 2564 immenso
1220 2548 1237 2574 ,
1278 2517 1473 2563 nostra
1489 2508 1713 2564 vehitur
1732 2524 1849 2564 ora-

173 2602 179 2613 =
243 2582 350 2632 tio.
422 2581 532 2633 Sed
553 2582 693 2634 haec
714 2588 772 2635 et
791 2588 1008 2643 vetera,
1048 2586 1105 2633 et
1127 2594 1162 2629 a
1182 2579 1431 2633 Graecis.
1474 2623 1483 2633 .
1507 2582 1647 2635 Cato
1666 2587 1853 2635 autem

247 2650 332 2702 *ie
353 2649 498 2702 abiit
517 2665 552 2703 e
570 2651 710 2713 vita,
749 2657 810 2703 ut
829 2662 1085 2750 cuffiam
1104 2649 1386 2703 moriendi
1402 2656 1629 2706 nactum
1646 2668 1709 2707 se
1730 2664 1851 2707 esso
1949 2654 1958 2673 “

1955 2806 1960 2817 ’
2044 2758 2059 2905 λ
