2087 2914
310 157 419 209 470
462 218 467 222 ⁴
516 151 983 207 TUSCULAN.
1018 149 1721 212 DISPUTATloNUM

310 259 597 326 plectitur,
622 264 684 309 ut
709 257 915 320 omnia,
946 271 1088 324 quae
1107 252 1240 309 sine'
1251 273 1319 308 ea
1339 256 1469 318 sint,
1501 257 1666 322 longe
1687 260 1747 306 et
1769 255 1932 308 retro
2030 280 2031 344 1

260 379 267 386 ,
311 327 571 396 ponenda
594 336 835 379 censeat.
908 325 1134 393 Reliqui
1157 325 1364 380 habere
1391 341 1452 377 se
1473 324 1735 378 videntur
1757 340 1934 394 angu-

312 398 483 449 stius:
522 402 751 449 enatant
771 403 959 448 tamen
971 403 995 445 ι·
1022 396 1318 462 Epicurus,
1349 395 1756 462 Hieronymus,
1794 400 1856 447 et
1884 394 1934 445 si

314 466 412 534 qui
440 472 601 533 sunt,
643 467 737 534 qui
760 464 1043 517 desertum
1073 465 1230 517 illum
1255 464 1597 518 Carneadem
1619 467 1816 515 curent
1839 462 1935 516 de-

313 535 561 588 fendere.
634 535 813 588 Nemo
834 540 921 586 est
938 534 1114 598 enim,
1159 534 1290 602 quin
1311 547 1501 586 eorum
1519 534 1796 586 bonorum
1817 533 1938 586 ani·

315 620 465 656 mum
486 609 647 672 putet
666 620 789 657 esse
808 603 1078 666 iudicem,
1121 618 1354 670 eumque
1385 601 1843 665 condocefaciat,
1879 607 1938 652 ut

318 689 404 738 ea,
428 689 568 741 quae
588 674 737 726 bona
756 673 975 725 malave
994 672 1317 735 videantur,
1358 672 1539 740 possit
1560 677 1936 724 contemnere.

318 744 407 796 88.
445 742 589 795 Nam
610 758 750 810 quae
772 741 877 795 tibi
908 742 1140 808 Epicuri
1162 741 1408 804 videtur,
1449 740 1646 794 eadem
1677 740 1939 814 erit'Hie·

318 812 543 880 ronymi
565 818 622 865 et
645 809 952 864 Carneadis
978 827 1202 874 caussa,
1243 816 1300 864 et
1330 809 1516 863 hercle
1539 810 1786 861 omnium
1806 810 1939 862 reli·

319 896 575 1004 quorum.
649 881 787 944 Quis
818 881 963 932 enim
1000 896 1194 947 parum
1224 885 1311 933 est
1338 884 1538 932 contra
1567 885 1810 932 mortem
1844 885 1942 930 aut
2034 866 2035 902 ¹

361 951 575 1004 olorem
598 951 861 1018 paratus}
918 950 1217 1002 Ordiamur
1237 950 1306 1002 ab
1329 964 1418 1012 eo,
1451 949 1503 1000 si
1521 949 1734 1016 placet,
1775 965 1941 1018 quem

318 1021 569 1084 mollem,
609 1036 770 1088 quem
792 1019 1171 1087 voluptarium
1195 1019 1444 1070 dicimus.

428 1087 613 1153 Quid?
646 1091 695 1140 is
720 1089 828 1142 tibi
856 1095 1164 1141 mortemne
1187 1086 1440 1150 videtur,
1481 1101 1552 1140 an
1583 1085 1838 1138 dolorem
1865 1088 1942 1142 ti·

319 1159 513 1212 mere‘.l
548 1159 643 1226 qui
665 1173 790 1211 eum
814 1157 979 1221 diem,
1014 1173 1124 1226 quo
1145 1158 1401 1220 moritur,
1419 1158 1648 1209 beatum
1671 1156 1940 1224 appellat,

321 1228 693 1296 maximisque
713 1227 1001 1281 doloribus
1019 1227 1272 1289 affectus,
1292 1242 1390 1278 eos
1408 1226 1563 1294 ipsos
1581 1227 1939 1280 inventorum

323 1313 555 1350 suorum
576 1299 852 1364 memoria
871 1307 929 1352 et
946 1296 1339 1350 recordatione
1359 1295 1635 1348 confutat:
1677 1311 1780 1350 nec
1799 1293 1942 1348 haec

324 1369 408 1420 sic
432 1369 572 1435 agit,
609 1375 673 1420 ut
694 1383 764 1421 ex
786 1375 1042 1436 tempore
1063 1367 1226 1436 quasi
1251 1365 1476 1418 effutire
1502 1363 1780 1418 videatur.
1851 1364 1943 1418 De

322 1443 505 1489 morte
527 1437 675 1489 enim
694 1437 779 1489 ita
798 1437 996 1504 sentit,
1036 1442 1121 1499 ut,
1165 1435 1442 1489 dissoluto
1475 1435 1784 1499 animante,
1819 1451 1942 1489 sen·

322 1522 447 1560 sum
470 1507 803 1558 exstinctum
824 1510 1009 1574 putet:
1051 1506 1200 1573 quod
1221 1512 1408 1559 autem
1429 1522 1591 1559 sensu
1615 1513 1825 1567 careat,
1859 1505 1942 1557 ni·

322 1574 409 1629 hil
431 1575 504 1629 ad
523 1592 623 1629 nos
645 1577 703 1628 id
725 1576 940 1629 iudicet
959 1576 1260 1644 pertinere.
1315 1576 1458 1632 Item
1481 1577 1550 1629 de
1571 1576 1761 1629 dolore
1783 1582 1944 1627 certa

324 1644 513 1711 habet,
546 1663 689 1716 quae
718 1654 1009 1715 sequatur:
1049 1662 1282 1715 quorum
1303 1646 1738 1717 magnitudinem
1755 1644 1940 1698 brevi-

322 1722 446 1770 tate
468 1718 812 1781 consolatur,
841 1717 1311 1785 longinquitatem
1343 1717 1592 1771 levitate.
1635 1764 1638 1770 ,
1665 1716 1752 1771 89.
1791 1714 1940 1779 Quid

324 1786 555 1839 tandem
577 1786 674 1839 isti
702 1787 1064 1855 grandiloqui
1081 1792 1277 1838 contra
1296 1785 1436 1837 haec
1455 1785 1584 1851 duo,
1605 1802 1748 1855 quae
1767 1786 1942 1837 maxi·

325 1870 416 1907 me
441 1862 667 1924 angunt,
690 1857 890 1909 melius
913 1854 1136 1919 habent,
1161 1870 1326 1923 quam
1346 1855 1656 1922 Epicurus?
1675 1872 1745 1909 an
1763 1854 1835 1907 ad
1856 1870 1943 1908 ce-

324 1930 470 1989 tera,
496 1942 636 1994 quae
662 1926 811 1978 mala
829 1932 1117 1994 putantur,
1154 1940 1264 1977 non
1286 1933 1343 1977 et
1363 1926 1638 1991 Epicurus
1660 1930 1716 1979 et
1735 1924 1944 1992 reliqui

328 1992 650 2063 philosophi
672 1996 812 2047 satis
835 1996 1021 2062 parati
1053 1993 1347 2047 videntur‘ss
1403 1996 1542 2059 Quis
1571 2011 1682 2050 non
1712 2008 1943 2064 pauper·

329 2068 506 2116 tatem
528 2064 884 2117 extimescit‘}
939 2064 1134 2131 Neque
1161 2070 1352 2117 tamen
1382 2064 1672 2133 quisquam
1698 2062 1942 2133 philoso-

325 2130 583 2199 phorum.
637 2134 867 2186 xxxn.
899 2134 1013 2185 Hic
1030 2149 1166 2185 vero
1190 2134 1309 2201 ipse
1330 2149 1493 2201 quam
1514 2149 1686 2201 parvo
1709 2139 1794 2188 est
1815 2148 1943 2185 con-

327 2203 541 2253 tentus!
598 2190 776 2254 Nemo
810 2202 879 2255 de
911 2204 1069 2254 tenui
1095 2204 1250 2255 victu
1290 2204 1453 2270 plura
1484 2204 1647 2257 dixit.
1716 2201 1940 2257 Etenim

328 2284 471 2334 quae
491 2286 581 2323 res
602 2272 870 2339 pecuniae
892 2271 1252 2339 cupiditatem
1277 2272 1535 2335 afferunt,
1563 2280 1627 2325 ut
1650 2274 1842 2335 amori,
1877 2280 1944 2325 ut

330 2338 645 2403 ambitioni,
683 2346 748 2391 ut
786 2339 1130 2406 quotidianis
1169 2340 1482 2408 sumptibus
1513 2342 1708 2408 copiae
1745 2356 1943 2408 suppe-

290 2446 297 2451 .
327 2411 480 2457 tantz
522 2424 687 2473 quum
717 2408 914 2474 procul
942 2410 1015 2459 ab
1047 2410 1116 2459 iis
1149 2410 1402 2460 omnibus
1435 2410 1600 2461 rebus
1628 2410 1800 2472 absit,
1844 2425 1944 2464 cur

328 2476 619 2535 pecuniam
669 2491 1005 2543 magnopere
1051 2476 1359 2540 desideret,
1419 2478 1508 2543 vel
1551 2478 1744 2541 potius
1786 2489 1945 2536 curet

330 2542 589 2595 omnino!
658 2544 745 2595 90.
781 2544 863 2594 An
892 2542 1128 2609 Scythes
1160 2544 1488 2599 Anacharsis
1509 2547 1704 2610 ⁸potuit
1735 2562 1838 2614 pro
1859 2553 1941 2603 ni.

333 2605 452 2659 hilo
490 2612 777 2673 pecuniam
810 2610 1011 2663 ducere
1028 2630 1066 2663 :r
1081 2621 1359 2667 nostrates
1399 2611 1720 2682 philosophi
1757 2618 1940 2675 facere

329 2690 442 2725 non
461 2676 951 2742 poterunt‘ss'lllius
974 2681 1220 2745 epistola
1239 2683 1419 2735 fertur
1437 2681 1526 2735 his
1547 2686 1758 2739 verbis:
1796 2688 1938 2744 Ana·

350 2740 541 2795 Ἰιανεῒο
562 2743 822 2798 Hannoni
839 2747 1088 2799 salutem.
1154 2748 1312 2811 ,Mihi
1333 2751 1557 2807 amictui
1578 2764 1688 2817 est,
1733 2756 1916 2826 scythi
