2087 2914
300 112 408 166 340
493 110 952 165 TUSCULAN.
989 110 1723 172 DisPUTATloNUM

301 224 489 266 tamen
506 220 726 266 tantum
747 212 922 280 abest,
941 220 1007 266 ut
1025 212 1196 266 scribi
1218 220 1417 266 contra
1432 228 1538 265 nos
1560 214 1821 269 nolimus,
1845 222 1911 265 ut

297 284 356 335 id
388 284 559 336 etlam
585 285 826 336 maxime
873 289 1147 350 optemus.
1218 284 1283 335 ln
1317 284 1442 351 ipsa
1476 284 1625 336 enim
1665 282 1913 335 Graecia

303 352 658 422 philosophia
679 360 840 405 tanto
868 354 929 405 in
970 352 1183 406 honore
1211 368 1511 421 numquam
1538 350 1763 413 fuisset,
1798 350 1911 403 nisi

305 422 752 477 doctissimorum
782 423 1229 477 contentionibus
1258 422 1801 488 dissensionibusque
1829 420 1911 469 vi-

341 494 534 546 uisset.

303 506 340 561 g
407 561 458 614 5.
485 562 856 623 Quamobrem
886 560 1083 615 hortor
1116 576 1332 623 omnes,
1376 562 1471 628 qui
1499 561 1687 613 facere
1706 560 1767 611 id
1784 572 1911 625 pos-

303 637 447 693 sunt,
489 637 551 681 ut
575 629 734 682 huius
757 646 972 699 quoque
994 632 1215 700 generis
1236 630 1462 683 laudem
1484 632 1599 683 iam
1618 628 1912 697 languenti

300 700 574 752 >Graeciae
604 701 848 767 eripiant
869 707 926 754 et
957 700 1245 770 perferant
1262 701 1321 751 in
1341 698 1482 751 hanc
1498 700 1719 759 urbem,
1760 699 1911 749 sicut

301 768 544 835 reliquas
569 782 775 833 omnes,
805 784 945 839 quae
969 772 1193 840 quidem
1212 776 1374 833 erant
1392 767 1757 835 expetendae,
1792 771 1909 817 stu-

302 836 398 889 dio
423 844 588 907 atque
607 840 888 893 industria
907 856 1009 893 sua
1029 841 1273 893 maiores
1292 840 1473 894 nostri
1482 836 1907 895 transtulerunt.

300 910 477 977 Atque
519 916 802 966 oratorum
833 912 1056 980 quidem
1086 911 1208 963 laus
1236 911 1345 971 ita,
1387 908 1553 960 ducta
1590 906 1661 958 ab
1689 901 1910 967 humili,

299 980 454 1030 venit
475 980 546 1031 ad
565 996 857 1042 summum,
887 988 952 1033 ut
968 982 1101 1041 iam,
1140 978 1285 1045 quod
1304 984 1505 1029 natm-'a
1524 976 1637 1030 fert
1654 977 1715 1027 in
1732 974 1908 1038 omni-

297 1048 402 1100 bus
422 1048 540 1099 fere
560 1047 742 1107 rebus,
765 1055 1018 1101 senescat
1034 1049 1299 1113 brevique
1316 1052 1567 1113 tempore
1588 1046 1661 1098 ad
1673 1042 1909 1097 nihilum

297 1122 532 1168 ventura
547 1115 823 1165 videatur.
881 1114 1247 1181 Philosophia
1266 1122 1526 1167 nascatur
1545 1115 1767 1167 Latinis
1786 1114 1908 1181 qni-

297 1184 426 1235 dem
447 1182 656 1233 litteris
678 1194 748 1231 ex
773 1178 863 1229 his
889 1185 1260 1249 temporibus,
1300 1197 1533 1247 eamque
1552 1198 1655 1233 nos
1680 1184 1911 1235 adiuve-

227 1276 236 1285 ·
297 1265 444 1303 must
505 1264 714 1316 nosque
751 1248 906 1314 ipsos
955 1250 1221 1311 redargui
1266 1248 1561 1315 refellique
1603 1250 1905 1314 patiamur.

297 1320 464 1384 Quod
492 1321 538 1371 ii
563 1318 750 1371 ferunt
779 1316 966 1369 animo
995 1315 1215 1381 iniquo,
1254 1318 1350 1380 qui
1378 1318 1550 1369 certis
1566 1317 1907 1384 quibusdam

298 1388 702 1453 destinatisque
740 1384 1029 1436 sententiis
1065 1382 1223 1449 quasi
1260 1383 1470 1434 addicti
1500 1393 1561 1439 et
1590 1390 1909 1441 comem-ati

298 1463 452 1520 sunt,
495 1471 670 1524 eaque
708 1453 1045 1508 necessitate
1078 1452 1398 1515 constricti,
1440 1459 1521 1516 ut,
1554 1456 1727 1508 etiam
1760 1473 1907 1525 quae

296 1543 409 1580 non
427 1527 666 1594 probare
685 1523 922 1587 soleant,
957 1537 1030 1576 ea
1048 1526 1320 1591 cogantur
1340 1526 1687 1578 constantiae
1702 1535 1909 1596 caussa

299 1597 615 1652 defendere.
688 1593 822 1658 Nos,
855 1595 952 1661 qui
975 1594 1255 1661 sequimur
1272 1593 1608 1661 probabilia,
1630 1611 1733 1650 nec
1750 1596 1907 1653 ultra

297 1681 466 1736 quam
486 1667 572 1731 id,
615 1666 760 1735 quod
780 1665 1086 1718 verisimile
1116 1665 1449 1728 occurrerit,
1490 1667 1759 1734 progredi
1778 1680 1905 1734 pos-

297 1753 505 1802 sumus,
527 1744 588 1790 et
604 1735 864 1790 refellere
885 1737 1005 1788 sine
1025 1735 1341 1802 pertinacia
1360 1739 1419 1787 et
1438 1733 1629 1792 refelli
1650 1737 1771 1790 sine
1790 1737 1905 1790 ira-

297 1807 498 1860 cundia
515 1808 705 1875 parati
723 1815 927 1858 sumus.
1272 1822 1277 1826 ·
1837 1866 1844 1873 ,

399 1877 452 1931 6.
477 1877 641 1939 Quod
659 1878 710 1929 si
727 1875 866 1929 haec
887 1874 1077 1928 studia
1098 1873 1359 1926 traducta
1388 1881 1550 1928 erunt
1572 1875 1644 1928 ad
1662 1880 1903 1938 nostros,

297 1961 366 2000 ne
387 1947 748 2000 bibliothecis
769 1945 990 2014 quidem
1009 1945 1243 1998 Graecis
1272 1946 1555 2012 egebimus
1568 1981 1583 2008 ‚
1623 1947 1683 1996 in
1702 1945 1903 2010 quibus

296 2017 601 2072 multitudo
630 2017 850 2068 infinita
877 2015 1151 2066 librorum
1184 2018 1415 2080 propter
1434 2029 1629 2066 eorum
1654 2019 1741 2064 est
1762 2013 1903 2064 mul-

273 2083 610 2146 titudinem,
644 2085 737 2152 qui
756 2081 1125 2150 scripserunt.'
1183 2082 1397 2136 Eadem
1416 2083 1564 2134 enim
1588 2081 1847 2134 dicuntur
1868 2098 1906 2136 a

298 2154 520 2218 multis3
541 2167 610 2206 ex
631 2159 738 2221 quo
759 2152 924 2205 libris
945 2155 1134 2205 omnia
1150 2151 1509 2222 referserunt.
1572 2149 1735 2211 Quod
1754 2153 1905 2206 acei-

299 2224 394 2275 det
417 2223 587 2276 etiam
610 2224 818 2274 nostris
831 2257 846 2286 ,
867 2223 935 2274 'si
957 2223 1028 2274 ad
1049 2223 1189 2275 haec
1206 2221 1395 2274 studia
1412 2221 1598 2288 plures
1622 2215 1903 2272 confluxe-

289 2294 429 2345 rint.
500 2291 614 2346 'Sed
633 2307 747 2356 eos,
779 2293 1157 2358 iii-pessumus,
1188 2291 1507 2352 excitemus,
1541 2289 1633 2357 qui
1652 2287 1905 2340 liberali-

289 2363 628 2426 tereruditi,
671 2360 926 2414 adhibita
945 2363 1117 2414 etiam
1139 2360 1445 2412 disserendi
1466 2357 1771 2425 elegantia,
1812 2373 1903 2410 ra-

295 2431 453 2483 tione
483 2441 542 2484 et
561 2435 657 2485 via
689 2431 1168 2500 philosophantur.
1240 2429 1332 2480 ΠΙ.
1370 2429 1545 2500 77Εει
1562 2427 1706 2479 enim
1728 2428 1907 2496 quod·

297 2497 424 2548 dam
443 2511 616 2566 genus
645 2513 864 2564 eorum,
907 2502 1004 2568 qui
1031 2515 1093 2554 se
1122 2496 1485 2566 philosophos
1514 2496 1788 2564 appellari
1807 2513 1906 2550 vo-

295 2565 447 2627 lunt,
489 2577 720 2634 quorum
751 2571 1010 2630 dicuutur
1041 2585 1162 2622 esse
1182 2568 1376 2620 Latini
1406 2581 1539 2618 sane
1558 2567 1724 2619 multi
1744 2567 1904 2620 libri:

299 2647 436 2698 quos
457 2649 568 2689 non
591 2647 881 2692 contemno
905 2639 1187 2706 equidem,
1226 2637 1429 2704 quippe
1448 2651 1587 2705 quos
1605 2648 1906 2706 numquam

2044 2371 2053 2410 ⁴
