2087 2914
325 91 434 169 204
519 97 1727 178 ‘1⁸UScULAN.mSPUTAT10NJJM

223 229 306 284 *s*
329 218 452 270 cleo
473 212 742 281 sanguine
763 211 1014 264 demersa
1027 211 1233 264 iaceat.
1303 211 1501 266 XVssl.
1522 207 1928 266 Dicaearchum

324 298 457 338 vero
481 299 604 336 cum
621 281 948 334 Aristoxeno
971 281 1191 347 aequali
1210 286 1271 333 et
1292 279 1667 346 condiscipulo
1686 294 1807 343 suo,
1828 279 1933 331 do·
2034 293 2036 300 ·

331 361 451 405 ctos
471 367 604 404 sane
623 349 892 411 homines,
913 349 1263 401 omittamus:
1288 362 1523 416 quorum
1544 349 1687 400 alter
1705 364 1776 403 ne
1800 363 1933 400 con«

329 416 577 474 doluisse
598 417 819 487 quidem
838 431 1099 483 umquam
1117 417 1354 479 videtur,
1377 417 1473 484 qui
1491 415 1733 471 animum
1752 433 1813 470 se
1832 415 1933 469 ha-

327 491 460 544 bere
487 505 598 543 non
629 485 858 538 sentiat:
899 487 1047 539 alter
1072 487 1155 538 ita
1174 487 1485 539 delectatur
1514 487 1625 538 suis
1656 486 1931 549 cantibus,
1945 477 1963 523 ι’
1980 515 2007 532 -.
2033 511 2036 528 1

327 566 392 613 ut
415 574 510 612 eos
532 557 699 610 etiam
721 554 794 608 ad
814 552 950 606 haec
965 554 1273 608 transferre
1284 561 1532 608 conetur.
1563 554 1931 608 Harmoniam

333 631 521 680 autem
541 639 612 678 ex
629 623 940 676 intervallis
963 637 1225 676 sonorum
1247 639 1411 678 nosse
1433 639 1757 690 possumus,
1796 638 1936 691 quo·

331 710 456 748 rum
489 695 651 746 varia
679 693 1014 759 compositio
1048 693 1215 746 etiam
1250 691 1568 746 harmonias
1606 693 1777 746 efficit
1804 692 1932 760 plu-

331 779 447 818 res=
466 762 840 816 membrorum
860 776 994 812 vero
1014 763 1153 814 situs
1166 768 1223 814 et
1242 763 1422 828 figura
1435 763 1705 830 corporis,
1724 777 1935 816 vacans

335 832 537 895 animo,
577 845 741 897 quam
761 830 938 896 possit
960 829 1306 884 harmoniam
1326 831 1571 894 efficere,
1612 847 1725 886 non
1742 830 1933 886 videox

335 901 436 956 sed
456 899 546 954 hic
568 899 806 968 quidem,
833 901 1086 967 quamvis
1108 901 1354 954 eruditus
1372 901 1464 972 sit,
1496 903 1644 953 sicut
1664 907 1767 964 est,
1793 898 1933 954 haec

335 971 608 1041 magistro
647 967 920 1022 concedat
953 971 1276 1023 Aristoteli:
1316 985 1515 1023 canere
1555 971 1677 1037 ipse
1713 970 1934 1022 doceat.

332 1039 486 1094 Bene
509 1041 656 1094 enim
673 1039 778 1090 illo
797 1039 1093 1105 proverbio
1115 1039 1455 1110 Graecorum
1473 1039 1978 1109 praecipitur,1ar‹¹”

407 1109 583 1172 Quam
604 1108 824 1175 quisque
843 1106 993 1158 norit
1009 1107 1202 1171 cirtem,
1221 1109 1281 1162 in
1300 1109 1403 1162 Ιιαι·
1422 1125 1473 1160 σε
1494 1111 1759 1162 exerceat.

331 1178 417 1230 42.
449 1177 610 1227 illam
627 1188 762 1225 vero
783 1174 1034 1225 funditus
1063 1177 1355 1229 eiiciamus
1382 1178 1793 1239 individuorum
1814 1181 1937 1230 cor-

331 1259 532 1316 porum
561 1244 769 1296 levium
809 1248 865 1294 et
885 1242 1251 1296 rotundorum
1290 1245 1709 1299 concursionem
1738 1246 1937 1300 fortui-

331 1322 478 1368 tam:
523 1328 690 1381 quam
709 1319 897 1364 tamen
914 1311 1269 1366 Democritus
1297 1315 1731 1370 concalefactam
1750 1321 1809 1368 et
1826 1315 1943 1382 spi-

331 1383 586 1442 rabilem,
607 1381 668 1431 id
687 1385 790 1442 est,
811 1381 1109 1435 animalem
1130 1399 1251 1436 esse
1271 1379 1470 1440 voruit,
1539 1387 1593 1438 Is
1614 1391 1799 1438 autem
1820 1385 1939 1436 ani-

331 1467 471 1513 mus,
512 1449 621 1518 qui,
651 1448 702 1501 si
723 1453 810 1501 est
831 1447 1029 1501 horum
1052 1457 1317 1519 quattuor
1338 1469 1617 1522 generum,
1646 1470 1717 1507 ex
1736 1454 1938 1523 quibus

315 1520 522 1595 ‘omnia
541 1524 798 1571 constare
819 1518 1107 1585 dicuntur,
1146 1538 1219 1576 ex
1235 1522 1579 1587 inflammata
1600 1524 1788 1589 anima
1804 1538 1941 1575 eon-

331 1595 462 1653 stat,
491 1596 557 1641 ut
578 1588 932 1657 potissimum
951 1591 1135 1645 videri
1153 1592 1317 1648 video
1334 1593 1625 1656 Panaetio,
1644 1590 1937 1659 superiora

332 1666 588 1727 capessat
615 1673 842 1713 necesse
874 1664 977 1713 est.
1048 1660 1207 1715 Nihil
1236 1665 1383 1717 enim
1412 1662 1616 1718 habent
1652 1660 1791 1717 haec
1821 1662 1935 1714 duo

330 1742 540 1798 genera
560 1729 745 1798 proni,
764 1734 822 1780 et
842 1744 1047 1797 supera
1064 1747 1282 1798 semper
1298 1740 1511 1799 petunt.
1567 1734 1671 1795 lta,
1690 1732 1806 1785 sive
1816 1730 1941 1783 dis-

329 1798 611 1865 sipantur,
651 1796 847 1864 procul
870 1813 906 1850 a
923 1799 1095 1851 terris
1127 1799 1189 1850 id
1213 1802 1422 1853 evenit=
1465 1802 1584 1854 sive
1606 1805 1935 1867 permanent

327 1872 386 1923 et
405 1870 736 1919 conservant
753 1864 1004 1920 habitum
1025 1882 1202 1930 suum,
1232 1866 1341 1921 hoc
1360 1869 1531 1923 etiam
1550 1870 1731 1936 magis
1748 1884 1941 1923 neces-

327 1951 390 1987 se
411 1942 500 1989 est
517 1934 772 1988 ferantur
799 1937 872 1988 ad
901 1938 1144 2000 caelum,
1184 1945 1242 1991 et
1260 1939 1329 1989 ab
1362 1937 1451 1991 his
1468 1942 1853 2007 perrumpatur
1874 1941 1933 1985 et

331 2005 626 2055 dividatur
639 2018 856 2053 crassus
875 2004 967 2055 hic
988 2012 1047 2055 et
1068 2012 1359 2057 concretus
1378 2011 1492 2067 aar,
1522 2006 1617 2071 qui
1637 2008 1723 2054 est
1742 2008 1933 2055 terrae

329 2072 632 2139 proximus.
705 2070 956 2120 calidior
977 2077 1065 2122 est
1094 2072 1270 2131 enim,
1312 2072 1403 2122 vel
1432 2073 1619 2137 potius
1642 2068 1933 2125 ardentior

283 2190 290 2198 ,
330 2138 564 2199 animus,
603 2151 766 2203 quam
783 2143 870 2188 est
890 2135 1124 2201 hieaer,
1161 2152 1323 2205 quem
1341 2139 1509 2191 modo
1542 2140 1663 2191 dixi
1682 2154 1931 2193 crassum

329 2215 498 2275 atque
517 2212 855 2257 concretum.
924 2207 1175 2269 Quodsex
1194 2223 1261 2260 eo
1282 2209 1417 2261 sciri
1436 2214 1641 2278 potest,
1660 2209 1793 2277 quia
1814 2224 1933 2261 cor-

331 2292 472 2346 pora
499 2280 720 2337 nostra,
756 2280 980 2328 terreno
1003 2277 1402 2345 principiorum
1436 2292 1637 2347 genere
1660 2276 1933 2343 confecta,
1972 2304 1976 2311 ·

200 2342 260 2391 &N
332 2346 534 2399 ardore
555 2344 728 2397 animi
748 2345 1157 2399 concalescunt.
1221 2348 1371 2401 XIX.
1401 2348 1489 2403 43.
1509 2348 1758 2412 Accedit,
1776 2354 1840 2401 ut
1863 2363 1931 2403 eo
2038 2370 2045 2393 ι

331 2414 558 2467 facilius
579 2415 796 2467 animus
817 2412 1021 2469 evaflat
1040 2432 1112 2470 ex
1130 2414 1237 2470 hoc
1256 2416 1413 2483 aere,
1452 2434 1613 2487 quem
1632 2434 1799 2489 saepe
1817 2418 1931 2471 iam

331 2484 578 2561 appello,
598 2498 831 2551 eumque
846 2492 1187 2555 perrumpat,
1208 2488 1359 2554 quod
1378 2486 1521 2541 nihil
1540 2495 1633 2543 est-
1648 2490 1835 2543 animo
1845 2503 1935 2543 ve·

331 2548 543 2613 locius3
573 2552 728 2603 nulla
746 2560 832 2604 est
851 2556 1131 2619 celeritas,
1152 2571 1291 2622 quae
1310 2559 1491 2624 possit
1514 2574 1639 2614 cum
1658 2560 1832 2615 animi
1850 2574 1938 2611 ce-

333 2612 564 2670 leritate
605 2622 954 2690 contentlere.
1027 2624 1139 2690 Qui
1170 2626 1223 2679 si
1251 2636 1541 2694 permanet
1570 2632 1932 2700 incorruptus,
