2087 2914
324 94 394 145 82
858 89 1401 143 PARADOXA.

324 192 444 254 nis,
484 192 746 244 dedecori
785 206 852 242 ac
881 192 1215 259 turpitudini
1240 207 1437 259 parere
1466 190 1711 245 desierit.
1779 191 1924 242 Dum

326 260 547 330 quidem
571 260 658 313 his
681 260 934 323 obediet,
975 277 1085 311 non
1110 261 1273 314 modo
1294 262 1629 329 Imperator,
1666 258 1765 312 sed
1786 259 1930 311 liber

322 329 607 385 habendus
642 330 866 383 omnino
896 344 1006 380 non
1026 330 1152 382 erit.
1224 330 1517 384 Praeclare
1549 331 1696 382 enim
1716 334 1803 381 est
1823 327 1930 381 hoc

323 406 650 467 usurpatum
688 414 725 451 a
764 398 1132 463 doctissimis,
1174 415 1407 467 quorum
1448 400 1783 453 auctoritate
1818 412 1929 449 non

323 476 539 531 uterer,
577 469 630 519 si
658 465 796 519 mihi
829 467 978 535 apud
1007 468 1227 537 aliquos
1252 476 1501 537 agrestes
1521 468 1659 520 haec
1677 466 1930 520 habenda

326 546 476 592 esset
504 537 708 589 oratio.
778 536 963 599 Quum
991 552 1141 601 vero,
1169 538 1318 605 apud
1346 538 1813 605 prudentissimos
1850 536 1932 587 lo·

327 624 491 677 quar,
533 607 730 673 quibus
758 604 896 657 haec
914 605 1172 661 inaudita
1192 623 1303 661 non
1322 615 1476 659 sunt:
1518 623 1617 660 cur
1637 622 1745 675 ego
1766 605 1911 657 simu

323 678 455 739 lem,
494 691 601 738 me,
625 677 678 727 si
698 674 828 742 quid
847 676 906 726 in
926 674 1014 725 his
1037 676 1240 727 studiis
1263 692 1466 743 operae
1488 677 1789 743 posuerim,
1810 688 1932 741 per-

324 744 572 797 didisse-⁴!
616 744 844 797 Dictum
865 749 951 797 est
971 744 1144 811 igitur
1165 744 1234 794 ab
1256 739 1647 794 eruditissimis
1668 742 1933 805 viris,.ni-

324 817 372 867 si
392 815 724 881 sapientem,
760 813 1002 867 liberum
1037 828 1159 865 esse
1188 814 1483 865 neminem.
1553 810 1641 863 34.
1677 811 1827 874 Quid
1848 817 1936 864 est

326 886 475 938 enim
495 882 761 936 libertas?
797 886 1053 951 potestas
1073 882 1309 945 vivendi,
1328 888 1391 934 ut
1409 882 1568 935 velis.
1604 880 1741 942 Quis
1760 880 1937 947 igitur

325 956 486 1017 vivit,
502 960 568 1007 ut
586 952 724 1021 vult,
742 952 855 1005 nisi
875 951 971 1020 qui
990 959 1147 1005 recta
1166 953 1433 1020 sequitur,
1472 952 1569 1019 qui
1588 950 1796 1019 gaudet
1820 950 1935 1003 ossi-

330 1026 449 1087 cio‚
493 1024 588 1075 cui
609 1022 838 1075 vivendi
863 1022 956 1074 via
985 1023 1341 1074 considerata
1374 1028 1539 1089 atque
1567 1021 1795 1087 provisa
1815 1019 1934 1072 esti

331 1092 663 1160 quun-gibus
683 1092 905 1159 quidem
927 1106 1038 1142 non
1059 1098 1289 1159 propter
1306 1098 1513 1153 metum
1534 1096 1715 1157 paret,
1724 1088 1935 1142 sedeas

331 1164 580 1228 sequitur
607 1166 775 1227 atque
806 1160 968 1223 colit,
1011 1162 1140 1227 quia
1169 1160 1232 1211 id
1262 1161 1511 1215 salutare
1541 1159 1781 1217 maxime
1812 1172 1935 1211 esse

329 1230 566 1283 iudicat:
608 1229 703 1296 qui
722 1226 863 1279 nihil
882 1227 1048 1290 dicit,
1088 1228 1229 1279 nihil
1246 1227 1413 1291 facit,
1451 1228 1590 1280 nihil
1612 1228 1825 1296 cogitat
1845 1227 1938 1280 de·

331 1300 520 1367 nique,
541 1298 670 1369 *nisi
700 1298 936 1352 libenter
965 1312 1032 1349 ac
1056 1296 1256 1350 libere:
1295 1298 1450 1350 cuius
1474 1300 1661 1351 omnia
1682 1296 1937 1350 consilia.

331 1385 528 1435 resque
550 1383 757 1429 omnes,
789 1384 926 1435 quas
943 1368 1107 1435 gerit,
1144 1367 1358 1433 abipso
1377 1368 1823 1433 proficiscuntur,
1850 1382 1939 1419 eo-

333 1438 568 1504 demque
594 1436 872 1490 feruntur.=
913 1452 1014 1488 nec
1043 1441 1130 1488 est
1164 1436 1284 1488 ulla
1303 1450 1419 1498 res,
1460 1452 1602 1504 quae
1633 1436 1759 1503 plus
1793 1436 1941 1503 apud

333 1523 456 1560 eum
489 1507 731 1574 polleat,
769 1521 932 1574 quam
965 1506 1141 1574 ipsius
1167 1506 1619 1572 voluntas-atque
1639 1505 1939 1558 iudicium:

334 1578 420 1628 cui
445 1576 669 1644 quidem
691 1575 886 1640 etiam,
929 1591 1073 1643 quae
1102 1576 1215 1627 vim
1246 1573 1451 1629 habere
1480 1575 1783 1628 maximam
1807 1575 1941 1628 dici-

331 1655 450 1708 tur,
486 1646 738 1698 Fortuna
764 1647 892 1714 ipsa
919 1645 1091 1698 cedit:
1130 1647 1281 1699 sicut
1314 1647 1536 1713 sapiens
1563 1651 1737 1712 poeta
1764 1642 1940 1709 dixit3

336 1717 461 1768 Suis
482 1734 546 1769 ea
567 1715 758 1784 cuique
765 1716 1014 1787 fingitur
1035 1715 1291 1770 moribus.
1352 1714 1473 1769 Soli
1492 1717 1666 1784 igitur
1685 1713 1793 1767 hoc
1812 1729 1941 1768 con-

332 1785 498 1853 tingit
529 1777 796 1854 sapienti,
837 1791 902 1838 ut
930 1784 1074 1838 nihil
1092 1785 1267 1838 faciat
1286 1786 1520 1850 invitus,
1564 1784 1714 1837 nihil
1726 1785 1938 1845 dolens,

330 1854 472 1907 nihil
493 1861 735 1907 coactus.
807 1853 893 1908 35.
932 1854 1099 1918 Quod
1120 1857 1228 1908 etsi
1248 1856 1333 1908 ita
1352 1871 1500 1921 esse,
1538 1856 1789 1924 pluribus
1820 1868 1939 1905 ver-

329 1926 417 1977 bis
449 1924 830 1978 disserendum
857 1932 967 1978 est:
1008 1925 1153 1978 illud
1181 1931 1373 1980 tamen
1401 1932 1459 1979 et
1485 1927 1653 1978 breve
1687 1928 1743 1978 et
1776 1923 1941 1976 confi·

332 1995 561 2046 tendum
582 2000 684 2056 cst,
713 1995 824 2046 nisi
841 1996 937 2062 qui
956 1995 1042 2046 ita
1060 1996 1139 2046 sit
1158 1994 1409 2058 affectus,
1452 2011 1572 2048 esse
1592 1994 1828 2045 liberum
1849 2006 1940 2043 ne-

335 2064 554 2116 minem.
623 2063 801 2131 Igitur
822 2077 1014 2117 omnes
1029 2064 1289 2129 improbi,
1325 2064 1491 2116 servi.
1560 2061 1678 2114 Nec
1696 2059 1802 2113 hoc
1822 2065 1937 2112 tam

333 2147 394 2184 re
416 2137 518 2193 est,
540 2146 705 2196 quam
727 2131 884 2182 dictu
903 2133 1253 2198 inopinatum
1274 2137 1443 2199 atque
1462 2130 1737 2182 mirabile.
1810 2128 1939 2181 Non

335 2203 480 2256 onim
509 2200 592 2250 ita
618 2199 812 2251 dicunt
839 2214 940 2252 eos
959 2216 1083 2254 esse
1103 2215 1323 2264 servos,
1359 2205 1424 2253 ut
1444 2199 1755 2266 mancipia,
1796 2213 1940 2266 quae

335 2277 465 2324 sunt
493 2269 844 2322 dominorum
871 2268 1028 2322 facta.
1050 2285 1195 2324 nexu
1204 2305 1221 2334 ‚
1260 2275 1361 2322 aut
1390 2269 1577 2338 aliquo
1604 2269 1725 2320 iure
1756 2266 1938 2320 civili:

336 2341 452 2403 sed,
481 2339 788 2392 sisoi-vitus
809 2338 899 2402 sit,
935 2340 1087 2392 sicut
1102 2346 1205 2402 est,
1234 2339 1557 2394 obedientia
1578 2337 1747 2390 fracti
1768 2335 1942 2404 animi

337 2417 394 2462 et
414 2409 622 2462 abiecti
641 2413 700 2462 et
719 2407 956 2461 arbitrio
979 2409 1216 2462 carentis
1237 2425 1361 2474 suo,
1398 2409 1525 2477 quis
1544 2413 1725 2476 neget,
1748 2421 1941 2461 omnes

335 2477 518 2539 loves,
537 2494 727 2532 omncs
748 2478 996 2547 cupidos,
1025 2494 1217 2531 omnes
1240 2477 1473 2545 deniquo
1492 2477 1795 2546 improbos,
1818 2491 1941 2532 esso

337 2547 560 2600 nervosi
629 2548 698 2601 11.
736 2545 821 2600 36.
862 2550 946 2600 An
965 2549 1065 2600 illc
1082 2545 1218 2598 mihi
1238 2546 1403 2610 liber,
1446 2548 1537 2610 cui
1557 2548 1755 2602 mulier
1773 2549 1940 2615 impe·

337 2613 463 2666 rat‘!
483 2617 574 2668 cui
595 2617 750 2686 leges
766 2617 1019 2685 imponit,
1041 2617 1389 2684 praescribit,
1405 2617 1579 2683 iubet,
1599 2625 1773 2685 vetat,
1792 2617 1939 2688 quod

2052 3 2066 71 η

2056 134 2069 266 1

2040 467 2073 554 l

2062 570 2073 900 Ι
