2087 2914
293 84 398 141 ³⁷6
464 68 952 140 “ruscumm.
987 86 1703 142 DisruTA‘rlonu

293 200 388 244 tur
404 188 623 241 ratione
655 194 822 257 atque
852 191 1145 243 sententia.
1216 190 1363 243 Nam
1383 188 1775 261 Peripatetici,
1815 192 1907 249 fa·

291 258 538 313 miliares
554 259 746 321 nostri,
789 259 986 325 quibus
1007 260 1146 312 nihil
1165 266 1251 312 est
1271 261 1516 323 uberius,
1556 260 1695 313 nihil
1714 264 1908 317 enidi-

293 330 428 391 tius,
447 326 582 379 nihil
603 328 844 395 gravius,
865 328 1279 383 mediocritates
1291 331 1384 383 vel
1403 330 1904 398 perturbationum,

295 398 387 451 vel
409 397 728 449 morborum
755 396 925 447 animi
947 396 1083 449 mihi
1111 414 1220 450 non
1240 415 1372 451 sane
1392 400 1649 466 probant.
1719 401 1910 455 Omne

297 467 446 521 enim
476 466 708 527 malum,
751 464 919 517 etiam
959 467 1267 530 mediocre,
1307 483 1568 535 magnum
1606 474 1707 523 est.
1778 467 1909 521 Nos

295 543 482 589 autem
509 534 568 585 id
598 532 813 601 agimus
826 568 843 596 ,
885 539 948 585 ut
966 535 1028 586 id
1047 538 1105 588 in
1134 538 1385 603 sapiente
1406 538 1618 590 nullum
1636 537 1713 590 sit
1732 540 1909 589 omni-

246 654 250 659 .
295 621 388 658 no.
460 602 603 656 Nam
631 608 696 654 ut
727 616 951 670 corpus,
997 606 1169 658 etiam
1198 606 1248 657 si
1276 606 1639 660 mediocriter
1673 621 1911 675 aegrum

298 674 401 736 est,
421 686 616 725 sanum
639 687 750 724 non
771 679 880 725 est:
914 674 998 726 sic
1015 673 1075 725 in
1094 675 1281 743 animo
1299 676 1413 729 ista
1432 676 1793 729 mediocritas
1818 693 1909 729 ca·

296 748 386 795 ret
405 741 660 794 sanitate.
732 742 925 809 ltaque
943 744 1231 810 praeclare
1250 747 1446 809 nostri,
1486 752 1551 798 ut
1570 745 1687 798 alia
1707 746 1932 807 multa,-

296 810 630 873 molestiam,
660 810 1115 877 sollicitudinem,
1146 829 1427 882 angorem,
1458 820 1693 883 propter
1708 815 1907 867 sitnm·

295 878 550 935 tudinem
572 892 808 949 corpora
925 899 954 936 e
1186 920 1203 948 ,
1232 885 1637 953 aegritudinem
1658 885 1907 938 nomina-

295 956 514 1005 verunt.
587 950 672 1005 23.
702 898 1026 1020 Hofflffi
1270 955 1441 1007 verbo
1462 952 1664 1007 Graeci
1685 968 1907 1008 omnem

298 1020 469 1075 animi
502 1022 976 1087 perturbationem
1007 1024 1310 1090 appellant.
1383 1022 1605 1076 Vocant
1632 1023 1780 1075 enim
1799 1022 1909 1073 πά·-

298 1095 426 1154 θος,
456 1088 516 1140 id
536 1095 636 1152 est,
669 1091 942 1157 morbum,
979 1092 1305 1160 quicumque
1326 1098 1411 1145 est
1430 1099 1617 1145 motus
1636 1092 1697 1143 in
1718 1092 1920 1156 animo,

296 1158 570 1211 turbidus.
623 1156 746 1213 Nos
764 1159 986 1209 melius:
1010 1162 1193 1225 aegris
1216 1162 1361 1214 enim
1384 1160 1711 1227 corporibus
1730 1159 1911 1213 simil·

296 1224 434 1279 lima
455 1229 541 1277 est
557 1225 728 1277 animi
749 1225 1065 1291 aegritudo.
1116 1230 1191 1279 At
1210 1242 1319 1278 non
1341 1227 1539 1278 similis
1562 1228 1909 1293 aegrotatio-

296 1294 386 1347 nis
407 1301 490 1347 est
510 1293 704 1354 libido,
747 1309 858 1346 non
875 1294 1244 1349 immoderata
1262 1294 1497 1359 laetitia,
1538 1308 1679 1360 quae
1698 1299 1787 1347 est
1805 1310 1907 1348 vo·

297 1362 485 1430 luptas
504 1362 674 1413 animi
695 1361 846 1413 elata
865 1366 922 1413 et
939 1360 1204 1427 gestiens.
1246 1360 1372 1427 Ipse
1394 1362 1565 1413 etiam
1583 1368 1765 1415 metus
1789 1379 1905 1421 non

299 1437 385 1486 est
402 1430 582 1481 morbi
600 1427 898 1480 admodum
930 1428 1157 1493 similis,
1202 1444 1532 1498 quamquam
1564 1432 1909 1501 aegritudini

297 1508 385 1554 est
405 1499 690 1560 finitimus,
731 1497 831 1550 sed
850 1497 1099 1564 proprie,
1138 1505 1203 1552 ut
1231 1501 1543 1568 aegrotatio
1570 1503 1631 1574 in
1651 1515 1907 1570 corpore,

299 1571 382 1622 sic
401 1566 690 1635 aegritudo
711 1566 770 1618 in
794 1567 1006 1635 animo,
1045 1584 1247 1624 nomeu
1266 1568 1437 1625 habet
1462 1587 1573 1625 non
1592 1572 1901 1626 seiunctum

297 1655 336 1692 a
357 1637 569 1691 dolore.
641 1635 872 1690 Doloris
892 1637 1065 1705 igitur
1083 1638 1244 1692 huius
1266 1642 1423 1708 origo
1446 1642 1607 1695 nobis
1627 1641 1905 1709 explican-

299 1709 373 1762 da
391 1714 492 1772 est,
512 1707 571 1759 id
590 1712 694 1772 est,
717 1723 914 1760 caussa
935 1707 1177 1763 efficiens
1198 1712 1602 1780 aegritudinem
1622 1713 1680 1764 in
1694 1711 1901 1774 animo,

293 1787 582 1846 tamquam
615 1779 1065 1845 aegrotationem
1092 1781 1151 1832 in
1170 1796 1424 1848 corpore.
1498 1781 1671 1845 Nam,
1710 1788 1774 1834 ut
1788 1795 1901 1834 me·

298 1848 426 1911 dici,
447 1861 643 1900 caussa
661 1848 842 1900 morbi
859 1849 1102 1912 inventa,
1126 1851 1473 1904 curationem
1484 1867 1605 1904 esse
1616 1852 1901 1904 inventam

296 1923 519 1987 putant:
543 1917 626 1968 sic
643 1932 764 1980 nos,
787 1933 984 1970 caussa
1003 1920 1369 1988 aegritudinis
1382 1926 1625 1989 reperta,
1646 1918 1904 1976 medendi

292 1987 624 2041 facultatem
641 1989 1002 2053 reperiemus.
1872 2049 1874 2052 Α

405 2056 500 2106 XI.
521 2055 608 2106 24.
629 2056 734 2108 Est
753 2058 925 2124 igitur
936 2073 1133 2109 caussa
1144 2059 1322 2109 omnis
1333 2059 1391 2108 in
1404 2059 1681 2124 opinione,
1700 2073 1804 2111 nec
1811 2072 1902 2112 ve·

299 2141 362 2180 ro
383 2123 743 2192 aegritudinis
765 2126 965 2188 solum,
985 2126 1086 2178 sed
1106 2129 1275 2180 etiam
1294 2127 1636 2194 reliquarum
1658 2127 1899 2180 omnium

299 2193 800 2263 perturbationum:
824 2210 966 2263 quae
985 2201 1117 2248 sunt
1138 2211 1339 2264 genere
1352 2201 1629 2264 quattuor,
1648 2196 1897 2263 partibus

298 2266 506 2334 plures.
577 2262 723 2324 Nam
747 2278 913 2330 quum
935 2266 1118 2317 omnis
1138 2265 1485 2332 perturbatio
1508 2267 1583 2320 sit
1676 2266 1689 2279 ⁸
1752 2265 1765 2280 ⁶
1786 2279 1899 2318 mo-

296 2349 406 2397 tus,
437 2333 527 2386 vel
545 2331 780 2385 rationis
802 2348 1016 2401 expers,
1032 2335 1140 2387 -vel
1158 2319 1577 2401 rationemw
1652 2332 1791 2397 ans,'
1806 2335 1896 2387 vel

295 2404 502 2456 rationi
523 2419 636 2456 non
655 2402 821 2456 obedi
891 2417 918 2454 s
984 2402 1034 2454 is
1113 2419 1143 2456 e
1164 2411 1349 2458 motus
1376 2410 1474 2457 aut
1492 2403 1627 2467 boni
1644 2408 1743 2454 aut
1764 2403 1897 2456 mali

293 2473 555 2538 opinione
587 2419 1123 2527 citeturzfflffii
1150 2479 1416 2540 quattuor
1450 2472 1894 2540 perturbationes

293 2541 606 2608 aequaliter
632 2542 964 2596 distributae
997 2549 1143 2594 sunt.
1216 2543 1359 2595 Nam
1380 2542 1523 2594 duae
1544 2548 1675 2595 sunt
1694 2558 1766 2595 ex
1784 2543 1906 2610 opi·,

290 2610 456 2664 aione
475 2613 635 2668 bonit
669 2625 899 2680 quarum
921 2610 1121 2678 altera,
1148 2612 1407 2682 voluptas
1426 2612 1690 2682 gestiens,
1718 2612 1779 2665 id
1796 2621 1895 2677 est,
