2087 2914
614 83 788 167 ms.
825 82 928 137 vl.
984 84 1151 138 cAP.
1184 86 1239 139 2.
1274 82 1326 138 3.
1646 148 1661 159 ,
1706 87 1771 139 8⁷

173 202 349 257 quam
384 190 450 238 tu
494 186 753 255 quoniam
789 202 1089 257 numquam
1116 202 1439 255 assequere,
1478 200 1777 255 numquam

171 256 402 308 omnino
425 270 486 307 es
505 256 726 307 futurus
748 256 921 309 dives.
991 258 1179 309 Meam
1200 263 1385 309 autem
1406 258 1665 324 quoniam
1685 272 1779 324 pe·

173 326 396 377 cuniam
417 326 720 377 contemnis
727 361 744 388 ,
787 332 843 378 et
862 332 1043 390 recte,
1087 330 1208 389 (est
1228 326 1373 379 enim
1392 326 1466 377 ad
1484 326 1641 393 vulgi
1661 326 1779 393 opi·

171 396 400 447 niouem
417 392 746 458 mediocris3
790 395 862 447 ad
883 402 1057 457 tuam,
1077 394 1258 461 nulla3
1297 396 1369 447 ad
1390 410 1589 457 meam,
1610 393 1780 446 modi·

175 466 308 525 cat)
351 460 420 513 de
456 478 544 513 me
575 464 779 515 silebo=
823 463 892 515 de
917 479 979 517 re
1008 464 1225 531 loquar.
1296 466 1382 518 48.
1419 464 1478 518 Si
1509 463 1783 516 censenda

172 531 338 583 nobis
359 537 522 597 atque
543 533 888 585 aestimanda
907 548 996 585 res
1017 534 1111 597 sit,
1153 540 1339 585 utrum
1358 534 1585 586 tandem
1604 531 1783 600 pluris

173 600 537 652 aestimemus
558 604 848 667 pecuniam
867 601 1089 669 Pyrrhi,
1130 618 1293 671 quam
1312 603 1575 655 Fabricio
1594 600 1784 665 dabat,

175 685 252 721 an
275 669 674 721 continentiam
696 670 969 736 Fabricii,
1009 672 1105 738 qui
1134 673 1292 725 illam
1311 674 1603 741 pecuniam
1623 686 1784 737 repu-

175 736 407 789 diabat?
443 745 629 789 utrum
651 755 844 793 aurum
867 740 1207 804 Samnitum,
1248 758 1320 793 au
1348 756 1672 809 responsum
1693 740 1783 791 Μ’

177 806 368 859 Curii?
409 804 776 860 hereditatem
798 810 864 861 L.
887 808 1097 873 Paulli,
1139 826 1210 861 an
1230 811 1620 865 liberalitatem
1639 808 1786 873 Afri·

181 875 332 938 cani,
375 876 471 942 qui
504 876 621 928 eius
650 876 979 929 hereditatis
1003 880 1069 939 Q.
1092 878 1341 933 Maximo
1370 880 1537 932 fratri
1568 885 1785 946 partem

181 960 341 995 suam
371 945 676 996 concessit?
715 946 874 997 Haec
904 944 1189 1011 profecto,
1231 962 1369 1013 quae
1398 953 1531 999 sunt
1548 962 1786 999 summa·

182 1028 305 1065 rum
334 1013 630 1077 virtutum,
670 1014 845 1079 pluris
883 1015 1235 1067 aestimanda
1273 1022 1427 1077 sunt,
1469 1030 1633 1083 quam
1662 1015 1785 1077 illa,

184 1098 328 1151 quae
345 1088 476 1133 sunt
497 1084 780 1149 pecuniae.
837 1084 975 1145 Quis
990 1084 1169 1151 vigitur
1191 1085 1273 1148 (si
1297 1082 1535 1154 quidem,
1557 1091 1620 1136 ut
1639 1084 1787 1151 quis-

184 1154 317 1219 que,
359 1152 506 1219 quod
529 1151 750 1220 plurimi
768 1153 872 1217 sit,
913 1153 1219 1220 possideat,
1255 1156 1341 1209 ita
1362 1156 1669 1209 ditissimus
1690 1154 1787 1207 ha-

181 1220 395 1274 ben‘dus
435 1222 542 1285 sit)
581 1221 822 1287 dubitet,
863 1224 993 1291 quin
1031 1224 1091 1275 in
1130 1225 1341 1279 virtute
1379 1225 1612 1277 divitiae
1642 1222 1786 1275 sint!

185 1291 447 1359 quoniam
473 1291 628 1343 nulla
665 1294 974 1359 possessio,
1013 1293 1171 1345 nulla
1198 1295 1279 1345 vis
1310 1294 1437 1345 auri
1465 1300 1523 1347 et
1552 1293 1787 1361 argenti,

181 1360 377 1429 pluris,
421 1375 584 1427 quam
604 1362 801 1425 virtus,
823 1363 1171 1417 aestimanda
1189 1369 1293 1417 est.
1365 1363 1459 1415 111.
1493 1362 1582 1416 49.
1618 1362 1667 1415 Ο
1688 1362 1789 1415 Dii

20 1454 24 1476 .
106 1479 109 1482 ,
181 1430 555 1484 immortales!
576 1446 686 1484 non
703 1433 1028 1501 intelligunt
1048 1430 1319 1497 homines,
1341 1448 1505 1503 quam
1527 1447 1787 1502 magnum

181 1500 428 1568 vectigal
465 1503 543 1553 sit
575 1503 936 1570 parsimonia.
1007 1501 1190 1556 Venio
1222 1505 1370 1556 enim
1399 1505 1514 1557 iam
1544 1505 1616 1555 ad
1644 1520 1789 1554 sum·

184 1575 441 1637 ptuusos=
481 1571 732 1638 relinquo
754 1578 922 1622 istum
945 1579 1357 1638 quaestuosum.
1413 1573 1579 1639 Capit
1596 1572 1695 1624 ille
1716 1587 1787 1624 ex

186 1639 304 1690 suis
323 1640 568 1706 praediis
589 1647 850 1692 sexcenta
870 1641 1157 1704 sestertia3
1179 1657 1283 1708 ego
1300 1647 1533 1694 centena
1542 1656 1612 1692 ex
1622 1643 1797 1692 meisz.

183 1707 304 1769 illi,
345 1715 542 1760 aurata
560 1714 712 1760 tecta
732 1709 792 1760 in
813 1709 964 1760 villis
987 1713 1045 1760 et
1066 1709 1189 1761 sola
1206 1725 1521 1762 marmorea
1542 1709 1785 1772 facienti,

185 1783 242 1829 et
263 1776 449 1844 signa,
489 1778 741 1840 tabulas,
781 1778 1213 1844 supellectilem,
1254 1785 1311 1832 et
1337 1785 1548 1832 vestem
1570 1779 1786 1832 infinite

185 1847 612 1912 concupiscenti,
624 1861 734 1898 non
753 1847 920 1898 modo
942 1847 1010 1898 ad
1032 1856 1310 1914 sumptum
1330 1846 1429 1900 ille
1450 1854 1536 1900 est
1555 1847 1787 1911 fructus,

184 1915 283 1968 sed
304 1916 471 1966 etiam
491 1915 563 1965 ad
583 1915 760 1978 fenus,
782 1916 1032 1980 exiguus.
1072 1916 1159 1966 Ex
1179 1931 1305 1968 meo
1325 1917 1477 1968 tenui
1501 1917 1788 1982 vectigali,

188 1983 460 2038 detractis
479 1983 791 2050 sumptibus
809 1983 1150 2050 cupiditatis,
1169 1984 1381 2051 aliquid
1401 1986 1573 2036 etiam
1593 1985 1789 2037 redun-

189 2054 365 2106 dabit.
437 2053 575 2107 Uter
592 2053 778 2122 igitur„
791 2059 876 2106 est
897 2054 1147 2117 divitior,
1190 2057 1283 2107 cui
1304 2054 1477 2118 deest,
1499 2071 1569 2107 an
1594 2057 1680 2107 cui
1700 2071 1789 2106 su-

187 2123 382 2190 perat?
403 2125 498 2192 qui
515 2129 660 2192 eget,
683 2139 753 2176 an
779 2124 871 2191 qui
893 2123 1173 2176 abundat?
1204 2125 1358 2176 cuius
1376 2125 1659 2192 possessio
1680 2139 1788 2191 quo

191 2197 278 2244 est
295 2193 502 2255 maior,
545 2208 613 2246 eo
635 2192 762 2260 plus
788 2193 1020 2260 requirit
1055 2193 1127 2246 ad
1148 2210 1207 2246 se
1228 2195 1512 2248 tuendamz
1556 2211 1627 2246 an
1648 2208 1789 2260 quae

190 2261 305 2313 suis
324 2277 386 2314 se
404 2263 612 2316 viribus
631 2261 900 2314 sustinet?
969 2261 1055 2314 50.
1094 2262 1205 2316 Sed
1226 2263 1359 2332 quid
1380 2278 1485 2331 ego
1506 2262 1576 2315 de
1602 2277 1690 2314 me
1710 2261 1789 2312 lo·

193 2345 354 2396 quor,
415 2333 510 2399 qui
550 2347 766 2384 morum
806 2347 873 2384 ac
909 2337 1224 2398 temporum
1266 2333 1401 2384 vitio
1444 2333 1791 2400 aliquantum·

193 2399 358 2450 etiam
400 2402 518 2468 ipse
548 2401 788 2454 fortasse
825 2401 883 2452 in
913 2399 1077 2452 huius
1107 2402 1319 2454 saeculi
1346 2416 1535 2453 errore
1563 2397 1799 2451 verser‘!⁵

188 2467 248 2518 M
261 2470 276 2502 '·
291 2467 555 2522 Manilius
587 2477 805 2537 patrum
829 2476 1145 2522 nostrorum
1166 2471 1433 2522 memoria
1452 2474 1553 2533 (ne
1570 2483 1787 2535 semper

193 2537 388 2606 Curios
419 2545 476 2590 et
504 2540 773 2592 Luscinos
805 2541 1133 2606 loquamur)
1164 2555 1375 2608 pauper
1402 2539 1625 2592 tandem
1659 2539 1783 2591 fuit.

191 2607 404 2660 Habuit
425 2609 569 2663 enim
589 2608 868 2664 aediculas
889 2611 947 2662 in
970 2610 1214 2676 Carinis,
1254 2616 1311 2664 et
1338 2609 1569 2663 fundum
1598 2611 1655 2662 in
1677 2609 1784 2662 La·
