2087 2914
556 115 713 172 Lm.
750 114 820 170 V.
892 115 1065 170 CAP.
1101 117 1190 170 23.
1215 117 1308 171 m.
1332 117 1424 172 25.
1673 117 1782 174 463

267 217 470 274 XXIV.
502 217 591 273 68.
628 219 769 284 Sed,
808 233 881 274 ne
898 220 1088 291 verbis
1118 220 1303 273 solum
1325 223 1672 290 attingamus
1691 238 1780 287 es,

138 306 307 360 ’quae
324 291 577 342 volumus
598 289 911 354 ostendere,
942 291 1306 358 proponenda
1324 291 1598 358 quaedam
1617 294 1780 360 quasi

156 360 449 414 moventia
476 365 633 424 sunt,
678 375 819 427 quae
846 374 949 414 nos
978 360 1162 430 magis
1195 361 1270 412 ad
1300 361 1678 430 cognitionem
1697 363 1778 414 in-

154 429 648 501 telligentiamque
690 435 1037 483 convertant.
1119 429 1384 483 Sumatur
1425 431 1574 485 enim
1614 432 1776 486 nobis

156 501 393 572 quidam
423 503 713 566 praestans
742 500 831 552 vir
860 499 1090 567 optimis
1105 501 1365 564 ,artibus,
1407 501 1564 568 isque
1593 501 1778 555 aniino

155 583 463 640 parumper
492 573 550 621 et
582 569 929 638 cogitatione
949 569 1210 638 fingatur.
1281 569 1530 624 Primum
1551 571 1778 640 ingenio

139 639 373 695 eximio
394 639 487 701 sit,
521 653 749 692 necesse
768 645 879 693 est:
920 639 1106 692 tardis
1125 641 1276 692 enim
1299 641 1580 694 mentibus
1598 641 1778 692 virtus

155 722 273 762 non
296 708 465 761 facile
484 709 808 763 comitam-2
853 709 1054 764 deinde
1077 710 1149 762 ad
1169 710 1376 764 investi
1415 710 1617 762 andam
1637 711 1782 763 veri·

156 785 337 832 tatem
360 777 547 830 studio
566 779 821 832 incitato.
868 779 957 831 Ex
976 791 1086 846 quo
1108 771 1320 847 triplex
1337 780 1386 832 il
1409 795 1442 834 e
1465 780 1640 832 animi
1663 779 1782 845 foe·
1857 824 1866 832 .

158 855 254 902 tus
280 851 539 916 exsistet:
580 864 723 900 unus
741 849 801 900 in
822 849 1150 916 cognitione
1168 859 1354 902 rerum
1376 850 1613 916 positus,
1643 855 1700 903 et
1720 850 1782 902 in

159 917 543 986 explicatione
564 923 822 972 naturae:
862 917 1009 972 alter
1035 919 1098 970 in
1117 919 1492 987 descriptione
1522 925 1782 987 expeten⁴

159 988 360 1040 darum
388 987 853 1056 fugiendarumve
882 1003 1096 1042 rerum:
1138 986 1342 1042 tertius
1370 989 1430 1040 in
1455 988 1778 1054 iudicando,

160 1058 299 1126 quid
320 1058 519 1126 cuique
546 1057 633 1112 rei
664 1057 737 1110 sit
762 1073 1104 1126 consequens
1117 1093 1134 1121 ,
1177 1057 1310 1127 quid
1335 1071 1677 1128 repugnans:
1719 1059 1782 1111 in

162 1143 273 1196 quo
286 1127 446 1180 ‘inest
464 1129 645 1180 omnis
664 1133 785 1181 tum
804 1128 1094 1180 subtilitas
1115 1127 1474 1194 disserendi,·
1491 1135 1612 1180 tum
1637 1129 1781 1188 veri-

159 1204 254 1250 tas
272 1197 579 1268 iudicandi,
650 1198 738 1252 69.
778 1197 901 1261 Quo
932 1197 1160 1250 tandem
1189 1199 1370 1266 igitur
1395 1199 1608 1267 gaudio
1630 1197 1781 1252 affici

159 1283 388 1321 necesse
428 1274 515 1322 est
540 1268 813 1336 sapientis
844 1268 1116 1331 animum,
1156 1283 1282 1321 cum
1310 1265 1400 1320 his
1433 1266 1782 1344 habitantem

160 1345 700 1406 pernoctantemque
720 1338 895 1392 euris!
936 1344 1019 1402 ut,
1051 1353 1220 1407 quum
1249 1339 1427 1390 totius
1449 1339 1642 1391 mundi
1664 1354 1782 1391 mo-

160 1414 257 1461 tus
297 1409 797 1478 conversionesque
826 1408 1207 1477 perspexerit,
1249 1407 1546 1478 sideraque
1575 1408 1783 1465 viderit

158 1478 593 1533 innumerabilia
611 1480 771 1533 caelo
792 1478 1162 1539 inhaerentia
1177 1495 1304 1531 cum
1326 1481 1448 1533 eius
1467 1480 1646 1548 ipsius
1665 1495 1782 1533 mo·

158 1554 227 1600 tu
258 1564 563 1619 congruere
598 1550 768 1601 certis
788 1550 961 1601 infixa
978 1548 1230 1601 sedibus!
1273 1556 1488 1617 septem
1513 1550 1631 1603 alia
1649 1566 1782 1603 suos

164 1633 415 1687 quaeque
444 1626 635 1671 tenere
666 1632 888 1680 cursus,
927 1618 1168 1670 multum
1199 1616 1350 1671 inter
1379 1634 1439 1671 se
1469 1626 1572 1671 aut
1591 1619 1782 1673 altitu·

162 1686 295 1741 dine
334 1695 431 1741 aut
472 1686 793 1739 humilitate
834 1686 1132 1750 distantia,
1170 1695 1404 1755 'quorum
1432 1689 1567 1755 vagi
1595 1694 1782 1742 motus

160 1764 293 1811 rata
312 1765 501 1811 tamen
524 1763 582 1809 et
604 1760 761 1809 certa
778 1756 863 1810 sni
894 1771 1092 1809 cursus·
1119 1756 1308 1824 spatia
1329 1756 1623 1811 deliniant!
1659 1759 1780 1815 Ho-

161 1842 284 1880 rum
304 1828 569 1881 nimirum
600 1826 899 1893 adspectus
930 1826 1159 1893 impulit
1185 1826 1318 1881 illos
1345 1834 1564 1881 veteres
1599 1834 1656 1881 et
1687 1828 1780 1881 ad·

163 1899 399 1960 monuit,
420 1902 485 1949 ut
500 1896 666 1964 plura
683 1901 1033 1963 quaererent.
1072 1896 1206 1950 Inde
1229 1902 1318 1949 cst
1335 1897 1624 1967 indagatio
1643 1905 1780 1957 nata

163 1966 455 2019 initiorum
476 1972 535 2019 et
552 1972 839 2035 tamquam
858 1966 1162 2030 seminum,
1203 1966 1348 2021 unde
1375 1973 1563 2021 essent
1591 1970 1781 2021 omnia

168 2040 312 2101 orta,
354 2042 641 2105 generata,
672 2041 959 2089 concretat
1000 2050 1254 2104 quaeque
1275 2038 1542 2106 cuiusque
1560 2040 1782 2107 generis
1801 2046 1814 2050 “

164 2106 255 2158 vel
294 2106 534 2160 inanimi
572 2106 667 2159 vel
704 2106 1031 2169 animantis,
1071 2106 1168 2160 vel
1203 2108 1348 2160 muti
1375 2108 1466 2162 vel
1498 2109 1780 2177 loquentis

166 2176 358 2245 origo,
398 2192 541 2244 quac
570 2177 717 2239 vita,
760 2176 856 2244 qui
884 2176 1178 2239 interitus,
1221 2192 1480 2246 quaeque
1493 2194 1564 2233 ex
1583 2178 1698 2230 alio
1720 2180 1780 2233 in

164 2246 319 2298 aliud
340 2246 671 2297 vicissitudo
698 2249 865 2313 atque
886 2246 1150 2299 mutatio:
1192 2248 1338 2301 unde
1358 2255 1540 2312 terra,
1584 2253 1642 2300 et
1663 2250 1776 2315 qui·-

164 2316 267 2369 bus
288 2316 500 2368 librata
520 2310 877 2382 ponderibus,
914 2316 1114 2383 quibus
1135 2319 1388 2371 cavernis
1411 2319 1592 2371 maria
1611 2319 1778 2371 susti-

163 2393 424 2439 neantur=
463 2386 521 2437 in
564 2401 675 2454 qua
710 2386 921 2449 omnia,
964 2385 1156 2439 delata
1185 2388 1511 2457 gravitate,
1534 2386 1784 2441 medium?

162 2455 351 2507 mundi
373 2457 559 2510 locum
579 2470 799 2524 semper
822 2462 1123 2523 expetant,
1151 2458 1248 2525 qui
1277 2463 1364 2511 est
1385 2457 1538 2511 idem
1558 2458 1778 2511 infimus

162 2526 221 2577 in
240 2527 497 2580 rotundo.
567 2524 746 2593 XXV.
776 2528 863 2580 70.
900 2526 1062 2580 Haec
1082 2528 1354 2579 tractanti
1373 2529 1580 2592 animo,
1601 2534 1660 2581 et
1679 2544 1778 2581 no-

164 2602 283 2648 ctes
321 2602 379 2659 et
421 2596 543 2651 dies
585 2597 911 2667 cogitanti,-
928 2596 1155 2651 exsistit
1192 2598 1298 2650 illa
1327 2614 1362 2651 a
1379 2598 1514 2653 Deo
1539 2596 1776 2667 Delphis

162 2668 465 2733 praecepta
492 2670 766 2737 cognitio,
812 2673 873 2719 ut
900 2666 1025 2734 ipsa
1048 2676 1120 2719 'se
1137 2683 1294 2721 mens
1315 2672 1610 2737 agnoscat,
1651 2684 1779 2723 con-

162 2738 514 2806 iunctamque
548 2754 673 2791 cum
695 2738 887 2794 divina
912 2742 1102 2793 mente
1121 2746 1190 2795 se·
1205 2740 1456 2804 sentiat,
1471 2755 1542 2795 ex
1563 2752 1674 2812 quo
1689 2740 1774 2791 in-
