2087 2914
261 52 370 108 29⁶
438 48 911 117 TUSCULAN.
945 46 1661 117 DISPUTATIONUM

259 160 374 218 tur,
394 153 476 205 sie
497 166 566 205 ex
587 152 835 221 corporis
856 150 1035 205 totius*
1049 156 1247 202 natura
1268 162 1325 202 et
1345 148 1525 219 figura
1542 149 1729 213 varios
1746 164 1869 204 mo·
1902 206 1915 215 ,

258 231 355 277 tus
381 222 544 284 cieri,
575 228 858 287 tamquam
877 221 936 271 in
957 224 1119 271 cantu
1142 230 1350 271 sonos:
1398 220 1513 271 Hic
1532 219 1600 270 ab
1622 218 1871 277 artificio

259 305 366 345 suo
378 306 496 343 non
511 290 763 351 recessit,
799 295 856 341 et
876 289 1066 340 tamen
1085 288 1227 339 dixit
1246 288 1477 355 aliquid,
1516 288 1664 355 quod
1681 288 1873 353 ipsum

259 360 427 429 quale
445 366 612 423 esset,
634 364 756 411 erat
772 358 949 409 multo
972 364 1101 411 ante
1122 363 1179 410 et
1198 357 1407 408 dictum
1428 362 1484 409 et
1506 358 1869 425 explanatum

261 444 302 481 a
316 426 569 481 Platone.
637 428 980 489 Xenocrates
1011 427 1183 479 animi
1210 428 1446 491 figuram
1464 433 1536 485 ,et
1564 426 1725 493 quasi
1744 438 1869 475 cor·

257 496 612 566 pus'negavit
633 511 780 559 esse,
815 511 1012 552 verum
1039 509 1330 547 numerum
1353 495 1497 547 dixit
1516 510 1662 557 esse,
1705 493 1871 551 cuius

257 566 377 629 vis,
417 566 614 617 utiam
641 570 770 617 ante
791 562 938 631 Pyth
1013 578 1149 616 orae
1176 563 1361 613 visum
1394 570 1543 627 erat,
1582 564 1643 614 in
1662 569 1871 615 natura

257 634 506 689 maxima
547 639 712 687 esset.
783 634 924 687 Eius
999 638 1158 683 octor
1185 631 1349 683 Plato
1386 631 1664 699 triplicem
1702 631 1871 683 finxit

257 704 534 757 animam=
574 703 737 754 cuius
755 702 1143 769 principatum,
1170 700 1230 751 id
1250 708 1335 753 est
1354 702 1659 763 rationem,
1694 701 1755 752 in
1776 715 1869 753 ca-

301 772 398 834 ite,
439 770 582 823 sicut
596 770 656 823 in
679 786 826 833 arce,
839 771 1063 839 ‘posuitt
1104 774 1161 822 et
1180 770 1322 821 duas
1341 776 1527 835 partes
1551 784 1747 836 parere
1768 783 1867 819 vo-

285 840 390 903 uit,
419 840 565 893 iram
585 846 643 893 et
661 840 1051 906 cupiditatem:
1094 854 1233 905 quas
1250 839 1393 891 locis
1414 839 1697 905 disclusit3
1720 838 1866 891 iram

128 933 156 951 ν
177 910 322 1001 §in
352 914 608 976 pectore,
642 910 1009 976 cupiditatem
1035 907 1229 960 subter
1264 908 1598 975 praecordia
1635 904 1865 961 locavit.

257 977 350 1033 21.
369 977 748 1053 Dicaearcbus
770 986 958 1031 autem
977 978 1036 1029 in
1060 993 1127 1029 eo
1144 992 1415 1041 sermone,
1438 992 1599 1046 quem
1612 973 1870 1047 Corinthi

253 1046 508 1103 habitum
545 1048 736 1101 tribus
761 1048 940 1099 libris·
959 1047 1210 1115 exponit,
1254 1046 1546 1099 doctorum
1580 1045 1869 1105 hominum

256 1116 685 1183 disputantium,
719 1116 900 1181 primo
939 1114 1085 1165 libro
1124 1116 1331 1169 multos
1339 1166 1345 1169 ,,
1370 1115 1659 1183 loquentes
1698 1114 1865 1167 facit:

105 1239 120 1249 κ
163 1200 166 1205 ·
257 1184 476 1237 duobus
511 1180 901 1250 Pherecratem
951 1182 1243 1249 quemdam
1284 1182 1605 1235 Phthiotam
1654 1198 1863 1245 senem,

98 1254 115 1265 “
259 1266 424 1320 quem
457 1251 540 1305 ait
563 1267 599 1304 a
617 1250 960 1303 Deucalione
995 1256 1206 1314 ortum,
1249 1250 1607 1304 disserentem
1628 1251 1862 1317 inducit,

255 1318 400 1373 nihil
422 1336 545 1375 esse
563 1321 785 1373 omnino
807 1320 1046 1373 animum
1059 1356 1076 1382 ,
1116 1326 1174 1372 et
1192 1318 1299 1372 hoc
1317 1336 1439 1373 esse
1458 1335 1659 1373 nomen
1679 1326 1863 1373 totum

256 1389 440 1453 inane,
460 1389 777 1455 frustraque
801 1395 858 1441 et
876 1389 1145 1447 animalia,
1160 1394 1219 1441 et
1237 1390 1544 1444 animantes
1558 1391 1861 1459 appellari3

239 1456 436 1525 'neque
470 1459 526 1510 in
545 1455 768 1511 homine
782 1460 968 1512 inesse
997 1457 1240 1511 animum
1258 1460 1351 1513 vel
1372 1461 1641 1526 animam,
1682 1461 1861 1512 necin

254 1527 460 1580 bestia=
482 1526 704 1595 vinique
723 1543 942 1582 omnem
963 1544 1102 1593 eam,
1126 1544 1235 1596 qua
1253 1531 1345 1583 vel
1366 1545 1595 1598 agamus
1617 1530 1749 1596 quid
1768 1529 1863 1581 vel

255 1597 580 1660 sentiamus,
619 1597 680 1648 in
703 1599 954 1651 omnibus
979 1599 1307 1668 corporibus
1328 1601 1469 1652 vivis
1494 1599 1863 1667 aequabiliter

251 1681 380 1734 esse
399 1665 612 1730 finam,
653 1682 756 1720 nec
773 1669 1145 1736 separabilem
1164 1685 1200 1722 a
1222 1685 1457 1738 corpore
1479 1685 1617 1736 esse,
1658 1669 1862 1736 quippe

252 1750 398 1804 quae
419 1735 591 1789 nulla,
604 1737 709 1799 sit,
746 1753 848 1790 nec
877 1739 954 1790 sit
973 1738 1271 1806 quidquam
1284 1775 1299 1802 ,
1340 1741 1449 1794 nisi
1470 1754 1671 1806 corpus
1693 1753 1859 1790 unum

249 1809 312 1858 et
329 1804 593 1874 simpl-ex,
630 1806 714 1858 ita
733 1807 1058 1874 figuratum,
1098 1813 1163 1858 ut
1191 1809 1599 1876 temperatione
1629 1814 1861 1872 naturae

224 1922 232 1926 -
251 1873 440 1941 vigeat
458 1879 517 1926 et
534 1875 756 1928 sentiat.
795 1876 881 1928 22.
902 1877 1233 1942 Aristoteles
1248 1877 1418 1946 longe
1440 1877 1693 1933 omnibus
1714 1877 1860 1942 (Bla-

233 1947 440 2006 ,tonem
469 1959 688 2010 semper
716 1945 958 2012 excipio)
989 1953 1279 2012 praestans
1311 1954 1369 2000 et
1396 1946 1618 2012 ingenio
1650 1951 1707 1996 et
1739 1943 1861 1995 dili·

249 2011 458 2078 gentia,
477 2027 644 2078 quum
666 2019 932 2079 quattuor
951 2015 1055 2066 illa
1076 2029 1281 2080 genera
1300 2016 1693 2082 principiorum
1715 2018 1861 2064 esset

251 2078 593 2144 complexus,
613 2097 648 2132 e
667 2081 865 2156 quibup
888 2083 1075 2150 omnia
1094 2085 1391 2146 orirentur,
1416 2084 1661 2150 quintam
1672 2096 1859 2148 quam·

177 2152 183 2162 '
247 2146 381 2199 dam
401 2153 658 2200 naturam
680 2155 868 2208 censet
887 2165 1035 2214 esse,
1080 2167 1111 2204 e
1130 2167 1243 2219 qua
1260 2153 1333 2203 sit
1353 2166 1526 2203 mens.
1599 2151 1859 2218 Cogitate

248 2215 397 2268 enim
440 2221 498 2268 et
535 2216 831 2282 providere
871 2225 929 2270 et
957 2220 1171 2274 discere
1210 2228 1269 2272 et
1296 2222 1497 2273 docere
1528 2223 1584 2271 et
1614 2219 1858 2271 invenire

249 2283 484 2352 aliquid,
509 2290 566 2338 et
583 2289 700 2337 tam
719 2287 898 2340 multa
919 2288 1033 2341 ulia
1054 2290 1386 2352 meminisse,
1422 2303 1627 2351 amare,
1652 2287 1853 2352 odisse,

255 2367 476 2419 cupere,
495 2354 710 2419 timere,
729 2358 880 2426 angi,
900 2358 1124 2410 laetari:
1149 2357 1287 2410 haee
1308 2365 1364 2410 et
1375 2355 1583 2415 similia
1594 2358 1853 2410 eorumin

249 2417 450 2489 hqrum
469 2429 734 2492 quattuor
759 2439 1022 2492 generum
1052 2429 1209 2479 nullo
1234 2427 1416 2480 inesse
1436 2431 1613 2494 putat.
1686 2427 1853 2492 Quin-

250 2494 370 2540 tum
389 2505 564 2556 genus
585 2493 830 2558 adhibet,
859 2511 1063 2549 vacans
1082 2498 1331 2561 nomine:
1362 2501 1423 2548 et
1440 2497 1521 2548 sic
1537 2495 1719 2563 ipsum
1742 2497 1854 2548 ani·
1926 2547 1929 2550 ,

249 2569 402 2610 mum
421 2560 725 2626 ἐντελέχειαν
743 2565 1008 2634 appellat,
1048 2580 1194 2620 novo
1213 2565 1455 2640 nomine,
1486 2566 1649 2636 quasi
1666 2581 1847 2636 quam7

18 1092 20 1109 ⁵
33 1080 84 1119 ⁸³⁸⁴
101 1104 162 1126 vum
