2087 2914
340 175 445 230 454
544 173 1009 230 'ruscorum
1045 168 1768 230 msru'rATmNnM
2015 168 2024 202 ·

339 269 759 342 fortitudinem,
800 277 869 333 de
892 293 1000 347 qua
1018 277 1332 346 loquimur,
1369 276 1745 344 temperantia
1765 273 1946 327 adiun-
2032 279 2033 310 ἢ

343 356 451 413 cta,
474 365 616 417 quae
635 351 711 402 sit
730 347 1076 418 moderatrix
1086 347 1334 400 omnium
1347 347 1809 408 commotionum,
1826 342 1950 412 quid
2032 311 2033 372 ¹

343 425 533 488 potest
556 419 627 470 ad
648 419 813 476 beate
833 417 1128 470 vivendum
1157 416 1351 470 deesse
1373 416 1452 481 ei,
1489 431 1654 484 quem
1681 414 1949 468 fortitudo

346 490 418 543 ab
440 489 789 558 aegritudine
812 493 871 541 et
898 504 933 540 a
960 492 1116 540 metu
1133 486 1418 554 vindicetz-
1439 485 1822 554 temperantia
1841 489 1950 536 tum
2021 537 2034 558 ‹.

346 575 383 612 a
420 559 654 611 libidine
692 565 909 620 avocet,
947 553 1068 609 t'um
1107 556 1376 610 insolenti
1415 555 1712 608 alacritate
1751 554 1951 623 gestire

284 688 313 695 „
348 643 459 680 non
486 628 667 679 sinat}
703 628 863 679 Haec
890 625 1110 679 efficere
1137 627 1404 678 virtutem
1433 624 1818 687 ostenderem,
1857 622 1950 674 nisi

350 697 733 764 superioribus
755 696 951 749 diebus
972 700 1160 748 essent
1179 695 1478 762 explicata.
1527 693 1653 746 XV.
1673 692 1767 746 43.
1787 693 1952 759 Atque

350 782 520 834 quum
542 766 991 833 perturbationes
1005 765 1196 828 animi,
1217 765 1507 828 miseram3
1529 763 1858 816 sedationes
1872 776 1954 812 au·

257 873 269 878 -
352 845 485 900 tem,
505 837 679 889 vitam
702 835 947 888 efficiant
966 835 1216 887 beatam:
1241 833 1560 899 duplexque
1582 834 1729 884 ratio
1751 839 1955 899 pertur-

302 952 309 956 .
350 905 597 960 bationis
616 908 708 969 sit,
730 907 880 973 quod
906 904 1200 974 aegritudo
1231 909 1290 956 et
1306 909 1490 956 metus
1507 903 1568 954 in
1589 902 1756 954 malis
1781 902 1957 969 opina-

353 977 446 1039 tis,
470 978 531 1028 in
548 977 823 1028 bonorum
842 982 1027 1028 autem
1050 979 1240 1027 errore
1261 974 1480 1026 laetitia
1499 973 1746 1041 gestiens
1765 971 1958 1024 libido·

355 1062 461 1114 que
484 1052 763 1099 versetur:
806 1060 973 1113 quum
1006 1044 1146 1096 baec
1165 1043 1352 1095 omnia
1381 1058 1508 1094 cum
1537 1041 1782 1095 consilio
1805 1048 1864 1093 et
1883 1056 1960 1091 ra-

353 1118 511 1168 tione
529 1121 799 1183 pugnent:
844 1115 933 1166 his
954 1119 1017 1166 tu
1038 1113 1156 1166 tam
1189 1113 1450 1181 gravibus
1481 1111 1961 1172 concitationibus,

352 1193 579 1252 tamque
596 1184 733 1252 ipsis
754 1185 903 1236 inter
918 1199 979 1236 se
1001 1183 1461 1236 dissentientibus
1483 1189 1653 1250 atque
1665 1181 1964 1242 distractis,

356 1271 517 1322 quem
536 1269 787 1316 vacuum,
824 1254 1091 1316 solutum,
1130 1251 1369 1306 liberum
1386 1251 1611 1314 videris,
1649 1249 1798 1302 hunc
1819 1249 1966 1302 dubi·

353 1325 505 1376 tabis
523 1325 751 1378 beatum
782 1323 1002 1376 dicere?
1036 1322 1208 1391 Atqui
1231 1322 1452 1390 sapiens
1485 1335 1706 1388 semper
1735 1319 1822 1374 ita
1841 1318 1969 1371 affe-

356 1392 483 1444 ctus'
503 1379 603 1444 θεῖ
678 1391 910 1459 Semper
938 1394 956 1442 i
1000 1393 1114 1442 itur
1139 1393 1363 1459 sapiens
1389 1392 1588 1444 beatus
1616 1395 1719 1446 est.
1792 1392 1970 1459 Atque

235 1514 249 1521 ,
354 1463 529 1515 etiam
553 1476 715 1513 omne
735 1462 943 1513 bonum
959 1407 1232 1521 {notabile
1264 1468 1374 1515 est:
1419 1461 1566 1529 quod
1587 1457 1771 1519 autem
1794 1460 1970 1512 laeta-

354 1530 487 1593 bile,
511 1530 570 1581 id
592 1530 1024 1597 praedicandum
1048 1536 1105 1584 et
1128 1546 1260 1599 prae
1281 1530 1677 1586 seferendum:
1691 1533 1698 1537 ’
1714 1528 1867 1595 qnod
1888 1535 1970 1581 ta·
2032 1544 2033 1557 ³

354 1601 411 1653 le
433 1605 636 1664 autem,
656 1599 717 1653 id
737 1602 910 1655 etiam
930 1601 1270 1670 gloriosum:
1291 1602 1341 1653 si
1359 1616 1494 1655 vero
1509 1599 1833 1671 gloriosum,
1853 1612 1970 1651 cer-
2032 1610 2033 1627 ³

354 1680 412 1723 te
433 1669 741 1723 landabile:
778 1671 929 1738 quod
949 1671 1236 1724 laudabile
1264 1676 1480 1737 autem,
1520 1668 1769 1738 profecto
1789 1668 1964 1722 'etiam

356 1739 679 1793 honestum:
708 1741 855 1807 quod
873 1743 1082 1807 bonum
1103 1741 1292 1809 igitur,
1321 1740 1381 1791 id
1403 1739 1718 1793 honestum.
1788 1738 1880 1790 44.
1901 1740 1964 1789 At

360 1824 504 1877 quae
524 1810 623 1861 isti
642 1811 791 1862 bona
810 1818 1120 1872 numerant,
1163 1826 1242 1871 ne,
1253 1810 1365 1877 ipsi
1386 1809 1606 1876 quidem
1631 1810 1871 1861 honesta
1893 1806 1964 1858 di·

359 1885 508 1931 cunt.
566 1877 755 1931 Solum
778 1880 954 1947 igitur
972 1882 1196 1942 bonum,
1217 1878 1364 1947 quod
1383 1877 1696 1931 honestum.
1749 1877 1840 1929 Ex
1863 1890 1962 1945 quo

356 1948 613 2017 efficitur,
636 1946 929 2001 honestate
954 1966 1066 2001 una
1084 1950 1258 2003 vitam
1283 1949 1555 2001 contineri
1566 1949 1812 2001 beatam.
1845 1946 1964 1999 Non

354 2024 486 2069 sunt
504 2019 678 2085 igitur
701 2034 771 2069 ea
788 2020 939 2071 bona
958 2018 1194 2071 dicenda
1212 2033 1315 2070 nec
1329 2012 1610 2081 habenda,
1649 2015 1858 2083 quibus
1881 2017 1966 2067 ab·

352 2086 655 2138 undantem
694 2087 831 2139 licet
864 2104 985 2141 esse
1022 2088 1414 2139 miserrimum.
1483 2086 1571 2139 45.
1602 2088 1688 2139 An
1725 2084 1969 2146 dubitas,

354 2153 487 2221 quin
508 2160 798 2221 praestans
819 2156 1158 2220 valetudine,
1188 2156 1416 2219 viribus,
1443 2154 1646 2217 forma,
1677 2156 1969 2208 acerrimis

352 2222 839 2291 integer-rimisque
860 2228 1132 2289 sensibus,
1179 2224 1320 2278 adde
1343 2227 1535 2286 etiam,
1575 2226 1628 2275 si
1647 2225 1806 2287 libet,
1851 2239 1970 2292 per-

351 2291 645 2345 nicitatem
668 2298 726 2343 et
743 2293 1123 2355 velocitatem,
1147 2294 1221 2345 da
1241 2294 1483 2355 divitias,
1515 2293 1774 2355 honores,
1796 2294 1971 2359 impe-

351 2358 458 2417 ria,
490 2374 644 2424 opes,
676 2360 939 2426 gloriam:
974 2361 1021 2413 si
1042 2360 1215 2414 fuerit
1233 2363 1300 2425 ifi,
1332 2363 1428 2429 qui
1451 2361 1588 2412 haec
1605 2358 1792 2423 habet,
1821 2362 1970 2413 iniu-

350 2430 489 2485 stus,
515 2428 903 2491 intemperans,
923 2429 1169 2496 timidus,
1205 2429 1395 2483 hebeti
1413 2429 1632 2495 ingenio
1654 2432 1824 2495 atque
1847 2430 1970 2482 nul-
2032 2464 2033 2473 κ

349 2488 437 2538 lo:
482 2492 841 2546 dubitabisne
870 2510 999 2547 eum
1018 2497 1282 2548 miserum
1305 2496 1519 2551 diceress
1556 2493 1768 2556 Qualia
1787 2498 1970 2565 igitur

348 2554 461 2631 iqta
481 2559 630 2637 bona
651 2562 795 2623 sunt,
818 2578 958 2628 quae
982 2566 1078 2629 qui
1097 2564 1316 2629 habeat,
1337 2557 1680 2617 miserrimus
1703 2580 1828 2619 esse
1843 2582 1968 2635 pos·

348 2620 462 2705 fft'!
497 2622 939 2691 Videamus,-ne,
973 2636 1037 2681 ut
1059 2648 1291 2685 acervus
1311 2648 1380 2686 ex
1399 2633 1489 2684 sui
1512 2634 1734 2698 generis
1757 2638 1968 2703 granis,

364 2699 433 2735 >uc
454 2686 623 2741 beata
643 2694 767 2745 vita
792 2710 863 2746 ex
884 2699 973 2748 sui
994 2699 1270 2752 similibus
1303 2702 1552 2769 partibus
1575 2701 1724 2755 effici
1745 2704 1963 2759 debeat.
2032 2726 2033 2737 ¹
