2087 2914
26 0 525 25 Γ-ᾑῇἺῪ““”“
556 0 559 2 ’
638 0 647 2 “
690 0 980 32 “)“““”““-““*““Τ””
1006 0 1011 2 “
1030 0 1046 2 “
1077 0 1102 2 ““
1123 0 1180 23 ‘L

571 118 730 174 mn.
767 118 873 174 ιν.
925 119 1114 193 cir.
1148 121 1199 176 4.
1218 121 1281 177 s.
1310 124 1363 178 ο.
1643 122 1761 175 40⁷
1796 139 1813 149 -

155 236 265 273 non
285 220 488 274 cadent
505 221 566 275 in
587 238 652 275 sa
687 223 910 287 ientem‚
923 238 1143 291 semper
1160 239 1315 277 mens
1329 227 1439 278 erit
1460 226 1765 295 tranquilla

155 292 446 358 sapientis.
499 290 551 344 9.
572 294 634 344 A,
651 238 750 344 ¹§ic
769 306 996 359 prorsus
1017 293 1295 360 intelligo.
1342 294 1421 347 M.
1446 296 1645 367 utruug
1660 296 1765 363 igi-

154 364 250 411 tur
267 359 482 415 mavis}
503 361 766 413 statimne
787 376 888 413 nos
907 363 1036 415 vela
1054 360 1260 426 facere,
1272 378 1345 415 an
1364 364 1525 430 quasi
1545 380 1576 415 e
1598 370 1767 431 portu

160 429 516 497 egredientes
545 430 852 496 paullulum
886 432 1028 483 remi
1070 431 1199 485 arei
1268 435 1331 485 A.
1371 432 1649 499 Quidnam
1678 440 1767 485 est

154 496 345 549 istudi
376 497 504 550 Non
525 500 670 550 enim
688 498 966 567 intelligo.
1095 537 1121 563 .,
1145 500 1226 553 Μ.
1255 501 1405 563 Quia
1425 500 1767 569 Chrysippus

158 564 432 629 et-Stoici‚
463 580 630 633 quum
651 567 720 627 de
743 568 915 620 animi
933 570 1445 637 perturbationibus
1466 570 1769 637 disputant,

155 648 418 702 magnam
447 642 664 703 partem
691 638 751 689 iu
781 636 870 690 his
899 638 1208 706 partiendis
1240 645 1297 692 et
1324 638 1646 693 definiendis
1680 654 1769 691 oc·

158 702 350 770 cupati
387 711 542 757 sunt:
583 706 688 759 illa
726 722 918 760 eorum
947 708 1253 776 perexigua
1286 709 1469 761 oratio
1504 712 1615 771 est,
1659 722 1770 775 qua

155 770 488 827 medeantur
516 775 743 839 animis,
778 791 883 829 nec
914 792 1010 829 eos
1041 776 1391 830 turbulentos
1413 792 1535 829 esse
1555 778 1769 845 patian-

155 849 270 895 tur.
339 841 708 911 Peripatetici
723 851 910 897 autem
931 846 1004 897 ad
1023 845 1329 913 placandos
1360 846 1571 898 animos
1590 846 1771 899 multa

155 911 424 983 afferunt:
447 912 653 979 ¹spinae
688 914 970 981 partiendi
997 918 1057 967 et
1083 913 1383 967 definiendi
1420 914 1771 981 praetermit-

151 985 303 1036 tunt.
375 980 720 1043 Quaerebam
739 982 931 1049 igitur,
968 988 1157 1033 utrum
1179 984 1481 1050 panderem
1500 982 1629 1035 vela
1648 996 1771 1035 ora·

155 1050 330 1131 tionis
348 1050 572 1123 statim,
609 1066 681 1102 an
709 1066 830 1103 eam
853 1058 982 1105 ante
1005 1051 1313 1119 paullulum
1331 1050 1771 1134 Dialecticorum

155 1118 1608 1257 3¹3¹.2{{3.¹}⁶3i553¹3...2.‚'ffuffisszzzzssaissss
1624 1135 1771 1241 Ἥ

155 1256 239 1309 Μ.
274 1257 380 1309 Est
399 1257 461 1309 id
479 1256 702 1326 quidem
723 1258 958 1311 rectius:
999 1258 1103 1311 sed
1121 1266 1253 1327 post
1270 1260 1541 1329 requires,
1562 1259 1617 1311 si
1636 1257 1771 1325 quid

157 1326 331 1378 fuerit
361 1328 665 1380 obscurius.
735 1329 803 1386 A.
833 1328 1063 1380 Faciam
1098 1328 1373 1395 equidem.
1446 1328 1533 1379 Tu
1561 1333 1771 1389 tamen,

155 1400 222 1446 ut
244 1395 410 1459 soles,
430 1396 584 1449 dices
603 1398 720 1449 ista
735 1396 862 1464 ipsa
883 1398 1121 1449 obscura
1139 1398 1378 1464 planius,
1398 1410 1564 1466 quam
1584 1396 1771 1448 dicun-

127 1471 252 1531 ‘tur
273 1479 308 1514 a
327 1463 572 1518 Graecis.
606 1463 701 1519 ”Μ.
729 1467 931 1519 Enitar
949 1464 1234 1535 equidem}
1277 1466 1375 1520 sed
1392 1468 1609 1520 intento
1630 1477 1771 1532 opus

155 1539 246 1586 est
267 1533 473 1597 animo,
506 1550 577 1586 ne
597 1537 786 1588 omnia
806 1536 1153 1598 dilabantur,
1184 1537 1423 1594 siunum
1443 1532 1673 1604 aliquo'd
1694 1533 1771 1588 ef·

153 1601 386 1670 fugerit.
459 1598 732 1663 Quoniam
756 1619 906 1671 quae
917 1604 1125 1664 Graeci
1152 1601 1309 1666 πάθη
1339 1611 1567 1667 vocant,
1608 1603 1769 1656 nobis

153 1670 610 1740 perturbationes
631 1671 909 1738 appellari
927 1673 1109 1740 magis
1129 1669 1334 1738 placet,
1346 1687 1509 1739 quam
1520 1673 1768 1724 morbos:

150 1743 216 1794 in
234 1738 324 1791 his
345 1739 689 1805 explicandis
707 1747 952 1792 veterem
974 1741 1126 1790 illam
1150 1739 1403 1812 equidem
1412 1738 1772 1808 Pythagorae

137 1808 416 1880 'pn-imum,
459 1806 659 1870 deinde
679 1809 931 1861 Platonis
953 1809 1385 1875 descriptionem
1406 1823 1629 1876 sequar:
1675 1809 1771 1876 qui
1850 1813 1853 1820 '

153 1877 402 1931 mximum
442 1876 502 1928 in
543 1875 680 1930 duas
719 1885 908 1946 partes
941 1876 1225 1940 dividunt3
1268 1877 1501 1930 alteram
1532 1877 1773 1929 rationis

155 1945 494 2017 participem
514 1945 750 2010 faciunt,
791 1947 1026 1998 alteram
1043 1951 1347 2014 expertem.
1394 1947 1474 1998 ·1n
1496 1945 1769 2012 participe

124 2013 136 2020 ”
155 2011 402 2069 rationis
432 2011 658 2084 'ponunt
695 2015 1189 2083 tranquillitatem,
1228 2014 1291 2066 id
1332 2020 1448 2077 est,
1486 2013 1767 2082 placidam

155 2085 514 2154 quietamque
535 2079 934 2138 constantiam:
975 2086 1033 2136 in
1063 2085 1169 2136 illa
1190 2085 1371 2137 altera
1390 2090 1575 2136 motus
1594 2083 1769 2136 turbi-

157 2157 264 2208 dos
291 2160 412 2204 tum
443 2153 589 2218 irae,
629 2161 747 2206 tum
772 2153 1121 2222 cupiditatis,
1162 2150 1471 2207 contrarios
1483 2154 1769 2224 inimicos·

156 2239 266 2292 que
287 2223 514 2276 rationi.
587 2220 672 2276 11.
709 2223 798 2276 Sit
814 2224 992 2291 igitur
1010 2221 1103 2276 hic
1121 2223 1264 2276 fons.
1326 2224 1561 2276 Utamur
1580 2229 1768 2274 tamen

154 2295 219 2347 in
250 2291 338 2344 his
359 2292 872 2359 perturbationibus
902 2291 1277 2346 describendis
1296 2290 1616 2344 Stoicorum
1638 2291 1769 2342 deii·
1879 2310 1899 2320 -

119 2429 126 2438 .
154 2362 468 2414 nitionibus
489 2366 546 2412 et
565 2361 986 2428 partitionibus3
1027 2363 1123 2429 qui
1144 2359 1283 2412 mihi
1311 2361 1572 2414 videntur
1587 2360 1645 2412 in
1665 2359 1769 2413 hac
1855 2376 1863 2380 ’

158 2431 484 2496 quaestione
501 2433 715 2484 versari
736 2429 1071 2483 acutissime.
1397 2471 1402 2474 .
1834 2463 1840 2477 ,

189 2531 196 2537 -
263 2497 378 2566 VI„
395 2499 497 2551 Est
523 2498 696 2568 igitur
715 2499 956 2553 Zenonis
984 2498 1123 2552 haec
1151 2498 1425 2564 definitio,
1464 2504 1528 2550 ut
1554 2504 1771 2566 pertur-

156 2566 318 2620 batio
337 2567 432 2628 sit,
470 2569 618 2634 quod
640 2566 822 2625 πάθος
840 2568 940 2620 ille
959 2567 1123 2633 dicit,'
1156 2583 1353 2624 aversa
1369 2583 1407 2622 a
1422 2576 1581 2622 recta
1598 2569 1769 2621 ratio-

101 2673 106 2678 ·
156 2652 250 2702 ne,
281 2641 478 2699 contra
496 2645 766 2698 naturam,
807 2637 977 2710 animi
997 2639 1324 2709 commotio.
1391 2639 1626 2704 Quidam
1648 2642 1763 2693 bre·
