2087 2914
609 143 766 196 LIB.
799 143 842 195 1.
917 139 1085 197 CAP.
1121 141 1207 197 36.
1242 141 1328 196 3⁷.
1593 157 1601 162 “
1656 142 1760 199 323

163 261 259 310 eo,
299 247 444 314 quod
463 244 670 299 habere
691 246 850 299 velis.
921 246 1073 300 Inest
1094 247 1240 299 enim
1258 245 1403 299 velle
1422 246 1483 298 in
1504 247 1763 311 carendo,

165 316 273 368 nisi
293 328 456 383 quum
480 317 578 377 sic,
599 321 882 382 tamquam
901 315 962 366 in
981 316 1143 379 febri,
1156 315 1380 378 dicitur,
1392 315 1509 367 alia
1526 315 1763 382 quadam

107 431 117 435 ,,
163 385 394 437 notione·
410 385 586 436 verbi.
639 383 864 435 Dicitur
883 385 1028 451 enim
1050 385 1163 437 alio
1184 385 1351 436 modo
1374 384 1543 438 etiam
1562 401 1769 448 carere,

123 503 132 508 -
162 467 329 521 quum
370 452 585 519 aliquid
613 467 724 504 non
751 451 958 506 habeas
989 460 1048 507 et
1074 469 1185 507 non
1214 453 1417 507 habere
1448 459 1506 506 te
1537 453 1765 516 sentias,

163 523 333 576 etiam
354 524 404 572 si
425 523 486 572 id
505 521 668 572 facile
687 522 932 587 patim-e.-
1005 523 1205 577 Carere
1232 525 1290 575 in
1321 523 1469 575 malo
1498 537 1611 574 non
1632 521 1769 582 dici·

166 597 273 642 tur.
345 589 466 640 Nec
483 591 630 641 enim
653 597 802 661 esset
823 591 1141 646 dolendum.
1174 593 1419 644 ·Dicitur
1436 591 1598 654 illud,
1620 591 1769 642 bono

165 675 370 724 carere,
407 658 554 725 quod
571 663 662 711 est'
680 661 906 714 malum.
933 687 938 692 ·
980 661 1092 714 Sed
1112 678 1181 714 ne
1200 663 1361 714 vivus
1380 661 1599 728 quidem
1621 661 1771 712 bono

166 730 350 790 caret,
394 729 445 779 si
475 743 542 780 eo
569 744 680 780 non
697 729 940 797 indiget:
979 731 1157 782 sedin
1176 732 1303 782 vivo
1322 731 1564 799 intelligi
1582 736 1771 782 tamen

123 841 138 867 =.
169 802 379 865 potest,
415 801 592 865 regno
611 813 828 851 cai-eret
871 798 982 850 dici
1001 805 1187 852 autem
1206 799 1387 851 hocin
1403 805 1463 853 te
1484 800 1625 852 satis
1638 799 1771 861 suh·

169 866 350 918 tiliter
366 881 476 916 non
493 871 708 931 potest:
745 873 937 932 posset
955 867 1014 918 in
1034 867 1365 935 Tarquinio,
1408 883 1575 935 quum
1594 883 1769 936 regno

163 939 320 988 esset
341 934 618 1000 expulsus.
653 937 726 986 At
745 936 802 985 in
823 941 1045 986 mortuo
1066 949 1137 987 ne
1156 935 1397 1002 intelligi
1418 936 1640 1002 quidem
1652 937 1771 1002 [po-

169 1002 320 1070 test].·
363 1004 564 1055 Carere
585 1003 750 1066 enim,
771 1003 1063 1054 sentientis
1082 1008 1196 1056 est:
1218 1018 1321 1056 nec
1340 1018 1531 1056 sensus
1550 1004 1613 1055 in
1629 1005 1773 1056 mor-

169 1080 294 1125 tuo:
313 1087 386 1124 ne
405 1079 592 1126 carere
611 1072 832 1138 quidem
851 1072 1024 1138 igitur
1041 1071 1100 1123 in
1110 1077 1329 1124 mortuo
1342 1078 1445 1124 est.
1474 1073 1559 1126 89.
1572 1073 1775 1136 Quam-

166 1155 333 1210 quam
381 1141 516 1208 quid
561 1153 700 1207 opus
749 1145 836 1192 est
885 1141 945 1191 in
988 1139 1095 1192 hoc
1140 1139 1547 1208 philosophari,
1606 1157 1773 1210 quum

169 1225 285 1264 rem
323 1224 436 1260 non
476 1223 810 1278 magnopere
855 1207 1210 1277 philosophia
1250 1225 1413 1279 egere
1453 1210 1774 1265 videamus}

171 1277 445 1334 m
468 1280 700 1342 Quoties
721 1293 832 1332 non
849 1278 1016 1331 modo
1039 1279 1301 1333 ductores
1320 1281 1517 1345 nostri,
1537 1281 1635 1334 sed
1653 1281 1773 1332 uni-

169 1349 312 1402 versi
337 1349 506 1400 etiam
525 1349 804 1414 exercitus
825 1348 898 1405 ad
917 1363 1031 1400 non
1052 1347 1275 1402 dubium
1292 1355 1529 1402 mortem
1550 1363 1773 1402 concur·

171 1417 384 1473 rerunt!
426 1417 582 1480 Quae
617 1417 839 1485 quidem
872 1417 921 1471 si
950 1419 1269 1485 timeretur,
1310 1431 1421 1473 non
1450 1419 1516 1473 L.
1546 1419 1773 1482 Brutus,

169 1499 362 1541 arcens
381 1502 503 1541 eum
525 1486 708 1540 reditu
725 1494 1045 1557 tyrannum,
1102 1505 1235 1542 uem
1248 1488 1367 1557 ipse
1386 1490 1693 1558 expulerat,
1712 1489 1773 1560 in

173 1556 386 1625 praelio
409 1557 764 1611 concidisset:
785 1572 896 1610 non
917 1572 1042 1609 cum
1112 1558 1281 1611 atinis
1300 1558 1593 1611 decertans
1614 1564 1774 1625 pater

175 1627 390 1689 Decius,
415 1642 538 1678 cum
557 1625 814 1678 Etruscis
834 1626 1000 1689 filius,
1023 1639 1147 1677 cum
1164 1624 1381 1694 Pyrrho
1401 1642 1577 1693 nepos
1595 1624 1655 1679 se
1675 1624 1771 1679 ho·

170 1696 338 1747 stium
367 1695 498 1745 telis
527 1694 887 1747 obiecissentt
927 1709 1038 1746 non
1056 1710 1167 1746 uno
1184 1694 1337 1747 bello
1357 1709 1459 1761 pro
1482 1696 1665 1762 patria
1684 1710 1773 1747 ca-

171 1764 366 1817 dentes
387 1762 670 1829 Scipiones
689 1763 964 1830 Hispania
993 1764 1258 1827 vidi'sset,
1299 1762 1555 1816 Paullum
1587 1770 1643 1817 et
1668 1763 1775 1819 Ge-

172 1834 375 1885 minum
397 1834 635 1896 Cannae,
656 1831 902 1886 Venusia
919 1832 1269 1895 Marcellum,
1286 1832 1480 1886 Latini
1496 1834 1773 1895 Albinum,

173 1902 390 1955 Lucani
419 1900 744 1953 Gracchum.
814 1902 964 1953 Num
994 1899 1341 1967 quishorum
1370 1904 1543 1955 miser
1570 1902 1773 1955 hodiei

171 1972 256 2025 Nc
283 1977 406 2023 tum
435 1969 656 2037 quidem
683 1975 812 2037 post
835 1970 1097 2035 spiritum
1126 1975 1455 2023 extremumt
1496 1981 1601 2025 n'ec
1630 1972 1776 2025 enim

173 2046 362 2108 potest
387 2055 509 2093 esse
535 2038 728 2091 'miser‘
737 2038 1026 2107 quisquam
1056 2042 1221 2092 sensu
1251 2049 1558 2109 perempto.
1628 2044 1700 2095 At
1718 2040 1777 2093 id

171 2110 354 2176 ipsum
376 2109 626 2161 odiosum
647 2116 749 2173 est,-
769 2109 886 2163 sine
905 2124 1071 2163 sensu
1090 2124 1231 2164 esse.
1300 2110 1387 2165 90.
1426 2112 1707 2175 Odiosum,
1728 2111 1780 2163 si

171 2178 231 2231 id
267 2185 415 2231 esset
455 2194 662 2232 carere.
734 2178 916 2240 Quum
945 2194 1079 2231 vero
1108 2181 1460 2248 perspicuum
1490 2183 1591 2246 sit,
1632 2180 1777 2234 nihil

1803 763 2079 904 ‚ua-²⁴2

1816 1067 1879 1116 ς
1920 1005 2079 1148 &a

173 2262 338 2315 posse
357 2249 416 2299 in
437 2264 504 2300 eo
527 2263 670 2309 esse,
691 2248 788 2315 qui
805 2248 926 2315 ipse
947 2262 1059 2301 non
1076 2249 1177 2301 nit=
1216 2252 1349 2318 quid
1368 2258 1557 2319 potest
1574 2266 1699 2303 esse
1716 2250 1777 2299 in
1804 2294 1812 2298 ,

175 2330 242 2368 eo
265 2316 538 2379 odiosum,
561 2317 657 2383 qui
675 2332 778 2369 nec
797 2322 1000 2380 eareat,
1035 2333 1138 2371 nec
1156 2320 1393 2373 sentiat}
1430 2320 1777 2384 Quamquam

175 2383 286 2437 hoc
295 2386 542 2453 ,quidem
559 2386 728 2437 nimis
749 2401 942 2453 saepez
987 2386 1087 2439 sed
1106 2400 1203 2453 eo,
1238 2388 1385 2457 quod
1412 2386 1615 2439 in=hoc
1630 2387 1779 2457 inest

173 2454 356 2509 omnis
387 2455 558 2507 animi
585 2456 894 2509 contractio
927 2462 996 2507 ex
1025 2464 1180 2509 metu
1206 2458 1421 2510 mortis.
1494 2454 1604 2517 Qui
1630 2454 1777 2507 enim

169 2524 314 2576 satis
325 2522 558 2586 viderit,
597 2524 658 2575 id
677 2524 828 2593 quod
845 2530 932 2577 est
951 2526 1075 2578 luce
1098 2526 1331 2589 clarius,
1364 2524 1549 2576 animo
1580 2530 1639 2577 et
1656 2525 1777 2576 cor&

171 2606 310 2675 pore
331 2595 688 2660 consumpto,
727 2591 960 2661 totoq‘ue
993 2596 1273 2647 animante
1300 2594 1507 2655 deleto,
1544 2599 1601 2647 et
1621 2594 1775 2645 facto

169 2660 402 2717 mteritu
419 2662 696 2727 universo,
737 2662 877 2720 illud
901 2664 1127 2727 animal,
1156 2664 1305 2783 qm}
1326 2663 1523 2727 fuerit,
1566 2662 1775 2715 factum
