2087 2914
617 116 790 171 Lmz
809 116 911 170 IV.
983 116 1154 170 CAP.
1178 117 1245 203 '64
1279 116 1329 169 7.
1670 115 1777 169 40⁹

177 222 376 273 cautio.
447 218 766 274 Praesentis
809 220 994 273 eutem
1022 220 1188 283 mali,
1228 220 1499 287 sapientis
1530 218 1775 282 affectio,

179 290 327 342 nulia
350 294 451 341 est.
496 287 578 341 14.
591 288 765 341 Stulti
785 297 972 346 autem
992 289 1289 359 aegritudo
1308 296 1396 342 est
1418 302 1507 350 ea,
1536 302 1645 357 qua
1664 287 1777 339 affi-

181 359 397 413 ciuntur
431 359 490 410 in
517 358 684 410 malis
713 360 982 425 opinatis,
1020 360 1345 427 animosque
1384 357 1682 411 demittunt
1722 364 1781 410 et

183 426 529 489 wutrahunt,
549 428 758 479 rationi
775 444 886 481 non
907 429 1373 495 obtemperantes.
1428 428 1517 479 Ita
1553 442 1623 478 ue
1643 425 1781 479 haec

180 497 360 565 prima
381 496 636 551 definitio
657 504 760 560 est,
779 506 844 549 ut
865 498 1157 569 aegritudo
1179 498 1256 549 sit
1276 497 1466 559 animi,
1486 512 1523 548 a
1560 510 1779 548 versan-

179 574 240 619 te
255 566 501 629 ratione,
541 566 874 621 contractio.
945 567 1045 620 Sic
1062 572 1327 635 quattuor
1339 564 1783 635 perturbatione·

180 640 336 696 sunt,
377 640 496 687 tres
535 637 901 702 constantiae,
941 638 1205 705 quoniam
1248 634 1587 705 aegritudini
1624 634 1779 689 nulla

181 704 492 757 constantia
511 705 827 773 opponitur.
1035 702 1053 711 ‘

281 803 402 860 vu.
426 806 536 863 Sed
557 824 746 863 omnes
765 810 1211 875 perturbationes
1232 808 1440 863 iudicio
1452 804 1677 863 censent
1687 807 1781 859 fie-

179 878 232 927 ri
252 882 312 927 et
329 874 608 945 opinione.
677 878 872 945 ltaque
897 892 992 933 eas
1013 878 1286 932 definiunt
1305 880 1581 944 pressius,
1618 883 1681 929 ut
1700 877 1783 927 in-

178 945 470 1013 telligatur
489 961 598 997 non
617 946 785 999 modo
810 962 975 1014 quam
994 947 1265 1008 vitiosae,
1304 948 1405 999 sed
1428 947 1595 999 etiam
1618 960 1785 1013 quam

175 1016 240 1067 in
260 1020 454 1069 nostra
472 1014 586 1069 sint
606 1020 904 1082 potestate.
958 1016 1064 1067 Est
1083 1016 1263 1081 igitur
1279 1016 1569 1086 aegritudo
1592 1014 1787 1079 opinio

176 1098 371 1137 recens
401 1083 535 1137 mali
563 1086 898 1154 praesentis,
937 1086 996 1141 in
1026 1100 1135 1154 quo
1172 1085 1394 1138 demitti
1426 1082 1787 1151 contrahique

177 1152 365 1205 animo
388 1157 600 1205 rectum
622 1168 742 1205 esse
765 1154 1040 1210 videatur.
1112 1154 1364 1207 Laetitia
1386 1155 1573 1223 opinio
1593 1166 1787 1207 recens

111 1287 116 1292 η
177 1221 316 1273 boni
337 1221 664 1287 praesentis,
706 1222 763 1275 in
787 1239 894 1293 quo
919 1222 1110 1279 efferri
1130 1229 1346 1283 rectum
1360 1221 1788 1277 essevideatur.
1828 1237 1837 1243 ⁴

177 1290 363 1343 Metus
377 1291 565 1358 opinio
577 1291 947 1359 impendentis
958 1293 1117 1355 mali,
1135 1292 1285 1359 quod
1297 1291 1654 1347 intolerabile
1667 1303 1789 1345 aso

65 1390 72 1395 ·
174 1359 454 1415 videatur.
525 1359 720 1413 Libido
764 1362 954 1429 opinio
991 1361 1214 1415 uenturi
1242 1362 1405 1423 boni,
1442 1360 1588 1429 quod
1620 1360 1695 1414 sit
1718 1373 1787 1413 ex

175 1443 310 1490 usu,
349 1428 463 1484 iam
483 1441 744 1498 praesens
767 1446 889 1486 esse
911 1438 1080 1504 atque
1110 1431 1323 1486 adesse.
1398 1427 1481 1484 15.
1517 1429 1625 1487 Sed
1647 1444 1786 1498 quae

172 1497 388 1571 iudicia
409 1515 656 1568 quasque
679 1502 969 1568 opiniones
993 1503 1483 1570 perturbationum
1512 1515 1633 1554 esse
1654 1498 1793 1559 dixi,

171 1567 370 1620 nonin
391 1569 470 1620 eis
501 1569 950 1640 perturbationes
977 1571 1161 1636 solum·
1192 1571 1405 1638 positas
1438 1585 1560 1620 esse
1582 1567 1791 1627 dicunt,

172 1652 371 1688 verum
389 1637 493 1691 illa
512 1637 708 1699 etiam,
751 1652 892 1704 quae
915 1637 1227 1692 efficiuntur
1258 1635 1789 1704 perturbationibus,

171 1712 241 1759 ut
263 1704 558 1771 aegritudo
589 1705 750 1770 quasi
771 1721 1017 1761 morsum
1046 1707 1287 1772 aliquem
1322 1705 1533 1758 doloris
1556 1702 1791 1768 efficiat3

170 1780 362 1844 metus
393 1787 671 1828 recessum
696 1775 986 1841 quemdam
1019 1775 1189 1826 animi
1220 1780 1276 1828 et
1308 1773 1527 1842 fugam;
1568 1773 1795 1828 laetitia

169 1843 469 1914 profusam
508 1842 880 1908 hilaritatem3
943 1843 1118 1897 libido
1162 1843 1489 1898 effrenatam
1532 1845 1790 1908 appeten-

169 1916 340 1969 tiam.
387 1911 777 1980 opinationem
799 1920 1006 1976 autem,
1029 1927 1193 1980 quam
1216 1913 1273 1964 in
1301 1925 1492 1964 omnes
1510 1909 1797 1964 definitio-

170 1999 279 2037 nes
303 1981 624 2064 superiores
640 1982 980 2045 inclusimus,
997 1981 1194 2036 volunt
1216 1997 1338 2037 esse
1358 1980 1695 2036 imbecillam
1706 1996 1791 2036 as·

169 2066 515 2106 sensionem.

285 2153 372 2208 16.
418 2153 528 2207 Sed
567 2154 802 2222 singulis
851 2155 1363 2222 perturbationibus
1407 2161 1597 2224 partes
1646 2153 1789 2204 eius-
1812 2159 1820 2165 ·
1856 2155 1867 2200 t

168 2227 306 2278 dem
327 2224 548 2292 generis
568 2225 758 2290 plures
777 2225 1173 2276 subiiciuntur:
1212 2230 1276 2276 ut
1296 2221 1639 2294 aegritudini
1654 2222 1793 2272 invi·

168 2294 374 2347 dentia
393 2293 680 2357 (utendum
701 2300 790 2348 est
809 2295 974 2358 enim,
1007 2293 1245 2346 docendi
1264 2309 1478 2356 caussa,
1500 2291 1671 2343 verbo
1692 2291 1791 2340 mi·-

167 2379 286 2417 nus
301 2363 548 2428 usitat03
590 2363 852 2431 quoniam
871 2361 1085 2415 invidia
1106 2379 1217 2416 non
1236 2363 1294 2414 in
1312 2378 1379 2415 eo
1392 2397 1407 2425 ‚
1450 2361 1544 2429 qui
1560 2359 1788 2423 invidet,

168 2428 368 2486 solum
389 2433 608 2495 dicitur,
629 2432 727 2486 sed
747 2434 918 2485 etiam
938 2433 994 2504 in
1017 2448 1103 2496 eo,
1126 2432 1527 2500 cuiinvidetur)
1553 2429 1793 2481 aemnla-

171 2503 290 2562 tio,
311 2502 670 2566 obtrectatio,
691 2502 1096 2564 misericordia,
1117 2516 1310 2569 angor,
1330 2501 1530 2562 luctus,
1550 2511 1791 2560 maeror,

177 2583 474 2633 aerumna,
515 2572 694 2636 dolor,
736 2572 1084 2636 lamentatio,
1124 2569 1449 2624 sollicitudo
1462 2605 1477 2633 ,
1507 2567 1793 2628 molestia,

171 2635 504 2706 afflictatio,
539 2641 885 2718 desperatio,
920 2649 985 2698 -et
1004 2643 1217 2712 siquae
1237 2646 1367 2698 sunt
1388 2639 1459 2695 de
1481 2651 1683 2710 genere
1704 2651 1795 2690 eo·
