2087 2914
209 85 244 136 8
590 59 595 70 '
751 83 968 136 cA'ro
1006 53 1323 136 ΜΑιοιεΔ

213 189 348 253 App.
372 183 596 238 Claudii
616 191 955 240 senectutem
979 187 1281 240 accedebat
1302 188 1497 250 etiam,
1532 192 1595 246 ut
1614 188 1810 240 caecus

216 260 390 307 esset=
439 253 624 307 tamen
651 257 727 318 ia,
770 271 934 323 quum
957 257 1235 322 sententia
1256 256 1491 310 Senatus
1520 257 1812 310 inclinaret

118 384 126 394 Ι
189 351 192 356 -
219 324 291 376 ad
313 327 503 390 pacem
527 330 582 376 et
601 325 800 377 foedus
827 325 1139 378 faciendum
1160 342 1283 378 cum
1306 324 1549 394 Pyrrho,
1590 341 1700 378 non
1718 325 1793 376 du

191 394 418 474 „bitavit
441 393 626 446 dicere
655 394 784 456 illa,
809 411 964 462 quae
986 395 1239 448 versibus
1260 401 1581 464 persecutus
1602 402 1689 447 est
1709 395 1813 448 En-

213 477 360 514 nius:
488 483 496 488 ·
863 495 874 504 -

289 530 406 596 Quo
430 530 576 582 vobis
596 541 824 594 mentes,
855 541 1038 586 rectae
1062 550 1197 600 quae
1218 543 1365 586 stare
1385 534 1629 588 uolebant

283 599 545 664 Antehac,
571 603 836 654 dementes
857 600 1189 670 seseflexerc
1202 605 1229 656 ‚²
1780 639 1804 645 —

216 676 511 736 ceteraque
531 670 880 735 gravissime:
903 677 1099 722 notum
1122 673 1267 724 enim
1284 672 1445 725 vobis
1466 685 1685 724 carmen
1708 677 1817 724 este

216 746 274 792 et
294 746 482 790 tamen
503 739 681 806 ipsius
703 741 869 806 Appii
892 747 1080 797 exstat
1102 743 1301 794 oratio.
1355 745 1533 810 Atque
1563 740 1703 793 haec
1722 741 1819 795 illo

215 809 338 876 egit
375 813 589 874 septem
621 814 678 860 et
706 809 898 862 decem
927 812 1087 864 annis
1118 819 1248 877 post
1268 811 1524 865 ,alterum
1556 811 1819 862 Consula-

111 913 116 927 ,
213 884 358 939 tum,
404 891 569 943 quum
591 878 736 930 inter
765 880 904 932 duos
931 881 1265 932 Consulatus
1284 881 1415 948 anni
1436 879 1626 931 decem
1646 875 1838 932 inter·‘
1892 881 1897 888 “

212 946 530 1008 fluxissent,
576 949 894 1014 censorque
923 956 1053 1002 ante
1084 950 1443 1002 Consulatum
1474 949 1819 1014 superiorem

212 1017 437 1070 fuisset:
461 1031 530 1068 ex
550 1032 658 1083 quo
681 1017 1032 1083 intelligitur,
1054 1016 1259 1083 Pyrrhi
1278 1019 1429 1069 bello
1449 1017 1712 1083 grandem
1734 1031 1819 1068 sa·
1884 1034 1893 1040 ·

213 1103 284 1143 ne
307 1084 510 1136 fuisse:
534 1091 590 1136 et
611 1090 799 1137 tamen
817 1087 902 1145 sic
923 1102 957 1136 a
978 1087 1227 1151 patribus
1248 1087 1579 1152 accepimus·
1618 1083 1703 1138 1⁷.
1724 1085 1819 1136 Ni·

214 1153 295 1212 hil
315 1155 491 1220 igitur
511 1153 767 1217 afferunt,
801 1155 896 1221 qui
916 1154 974 1204 in
993 1169 1054 1206 re
1075 1155 1321 1222 gerenda
1336 1155 1550 1206 versari
1573 1154 1820 1206 senectu-

213 1232 327 1277 tem
345 1228 575 1290 negant3
613 1223 932 1290 similesque
955 1230 1099 1286 sunt,
1120 1229 1184 1274 ut
1204 1223 1371 1291 siqui
1390 1225 1817 1290 gubernatorem

182 1345 186 1350 ,
215 1295 272 1345 in
313 1292 626 1360 navigando
671 1300 838 1359 agere
875 1291 1014 1357 nihil
1056 1293 1261 1355 dicant,
1301 1308 1467 1360 quum
1495 1293 1597 1345 alii
1638 1293 1817 1347 malos

213 1362 500 1422 scandant,
525 1361 624 1412 alii
646 1376 744 1428 per
761 1360 916 1412 foros
937 1368 1179 1424 cursent,
1201 1363 1301 1414 alii
1322 1363 1595 1415 sentinam
1618 1360 1817 1414 exhau-

213 1433 388 1485 riant:
430 1430 532 1483 ille
571 1437 783 1494 autem,
823 1431 1059 1482 clavum.
1082 1437 1293 1494 tenens,
1332 1431 1527 1483 sedeat
1566 1432 1619 1483 in
1648 1431 1821 1499 puppi

142 1499 150 1508 ‘
217 1502 461 1569 quietus.
513 1498 643 1563 Non
665 1499 884 1565 faci[a]t
907 1515 990 1560 ea,
1014 1515 1155 1568 quae
1176 1502 1427 1552 iuvenes:
1450 1508 1509 1552 at
1527 1516 1659 1564 vero
1682 1501 1819 1551 mul-

217 1578 274 1623 to
297 1569 513 1621 maiora
543 1568 856 1621 et-meliora
877 1568 1032 1621 facit.
1056 1614 1061 1622 .
1106 1568 1233 1621 Non
1252 1569 1463 1621 viribus
1488 1576 1585 1623 aut
1613 1570 1826 1624 veloci·.

209 1639 428 1691 *tatibus
456 1644 556 1690 aut
587 1638 879 1691 celeritate
907 1652 1204 1707 corporum
1232 1650 1324 1691 res
1355 1654 1588 1707 magnae
1624 1654 1821 1707 gerun-

216 1717 327 1771 tur,
354 1707 452 1760 sed
476 1707 726 1769 consilio,
759 1712 1122 1771 auctoritate,
1150 1710 1450 1773 sententia3
1492 1710 1689 1776 quibus
1708 1713 1821 1759 non

216 1777 386 1831 modo
417 1793 528 1829 non
557 1778 770 1839 orbari,
807 1776 909 1829 sed
938 1778 1111 1841 etiam
1141 1778 1335 1845 augeri
1364 1785 1619 1831 senectus
1654 1778 1819 1829 solet.

217 1847 301 1900 18.
322 1846 447 1900 Nisi
463 1846 614 1899 forte
635 1861 740 1913 ego
765 1846 950 1909 vobiS,
991 1848 1087 1915 qui
1110 1854 1167 1899 et
1187 1848 1351 1902 miles
1384 1854 1441 1901 et
1461 1849 1743 1902 Tribunus
1762 1852 1825 1898 et

215 1918 462 1985 Legatus
486 1923 542 1969 et
563 1916 768 1969 Consul
788 1921 1040 1969 versatus
1062 1932 1181 1969 sum
1211 1918 1272 1969 in
1289 1918 1447 1969 vario
1476 1932 1677 1985 genere
1705 1916 1821 1967 bel-

216 1986 416 2048 lorum,
441 2001 656 2039 cessare
675 2002 820 2037 nunc
838 1986 1050 2049 videor,
1074 2000 1239 2054 quum
1260 1987 1411 2039 bella
1428 2002 1539 2038 non
1559 2000 1715 2053 gero·
1749 1986 1823 2035 At

217 2054 464 2117 Senatui,
488 2070 627 2120 quae
647 2062 776 2108 sunt
795 2055 1056 2123 gerenda,
1077 2058 1416 2121 praescribo,
1439 2062 1495 2108 et
1517 2053 1820 2122 quomodo:

217 2120 580 2191 Karthagini,
621 2124 768 2176 male
796 2126 910 2183 iam
944 2124 1040 2175 diu
1074 2126 1370 2193 cogitanti,
1410 2125 1617 2177 bellum
1640 2122 1820 2175 multo

217 2198 344 2245 ante
360 2192 648 2245 denuntio:
675 2192 744 2245 de
767 2208 876 2260 qua
893 2195 1076 2247 vereri
1094 2210 1204 2246 non
1226 2200 1355 2247 ante
1372 2194 1637 2255 desinam,
1660 2208 1825 2261 quam

216 2262 374 2314 illam
405 2260 647 2313 excisam
677 2278 799 2326 esse
831 2266 1165 2331 cognovero.
1238 2261 1322 2315 19.
1362 2264 1539 2325 Quam
1580 2263 1823 2329 palmam

221 2332 434 2383 utinam
449 2331 552 2389 Dii
571 2332 919 2385 immortales
941 2333 1065 2395 tibi,
1098 2332 1306 2399 ScipiO,
1326 2339 1628 2395 reservent,
1647 2329 1713 2383 ut
1735 2332 1825 2383 avi

223 2400 489 2467 reliquias
517 2402 874 2475 persequare!
935 2403 1105 2453 Cuius
1129 2416 1163 2451 a
1181 2407 1361 2454 morte
1395 2400 1485 2451 hic
1515 2402 1739 2468 quintus
1764 2406 1825 2453 et
1876 2447 1884 2458 ,

221 2470 536 2521 tricesimus
557 2476 644 2522 est
667 2487 863 2523 annus:
905 2471 1002 2523 sed
1031 2471 1357 2523 memoriam
1378 2470 1531 2521 illius
1554 2470 1659 2521 viri
1680 2470 1824 2523 exci-

224 2540 377 2601 pient
401 2554 591 2591 omnes
611 2540 741 2591 anni
765 2546 1176 2609 consequentes,
1247 2541 1557 2593 Annosante
1575 2556 1665 2593 me
1690 2542 1827 2592 Cen:

337 2623 402 2659 *m
437 2615 686 2662 mortuus
713 2616 826 2673 est,
865 2609 968 2678 [1]x
1003 2610 1167 2669 annis,
1189 2614 1318 2677 post
1352 2624 1533 2664 meum
1556 2610 1821 2664 Consula-
