<?xml version="1.0" encoding="UTF-8"?>
<!DOCTYPE html PUBLIC "-//W3C//DTD XHTML 1.0 Transitional//EN"
    "http://www.w3.org/TR/xhtml1/DTD/xhtml1-transitional.dtd">
<html xmlns="http://www.w3.org/1999/xhtml" xml:lang="en" lang="en">
 <head>
  <title>
</title>
<meta http-equiv="Content-Type" content="text/html;charset=utf-8" />
  <meta name='ocr-system' content='tesseract 3.04.00' />
  <meta name='ocr-capabilities' content='ocr_page ocr_carea ocr_par ocr_line ocrx_word'/>
</head>
<body>
  <div class='ocr_page' id='page_1' title='image "./mtciceroniscato00unkngoog_0282.png"; bbox 0 0 2087 2914; ppageno 0'>
   <div class='ocr_carea' id='block_1_1' title="bbox 294 110 1704 172">
    <p class='ocr_par' dir='ltr' id='par_1_1' title="bbox 294 110 1704 172">
     <span class='ocr_line' id='line_1_1' title="bbox 294 110 1704 172; baseline 0.003 -4"><span class='ocrx_word' id='word_1_1' title='bbox 294 113 397 168; x_wconf 73' lang='lat'><strong>⁴68</strong></span> <span class='ocrx_word' id='word_1_2' title='bbox 490 110 957 169; x_wconf 77' lang='lat' dir='ltr'><strong>TUSCULAN.</strong></span> <span class='ocrx_word' id='word_1_3' title='bbox 992 111 1704 172; x_wconf 79' lang='lat' dir='ltr'><strong>DlsPnTATmNUM</strong></span> 
     </span>
    </p>
   </div>
   <div class='ocr_carea' id='block_1_2' title="bbox 289 214 1945 1250">
    <p class='ocr_par' dir='ltr' id='par_1_2' title="bbox 289 214 1945 628">
     <span class='ocr_line' id='line_1_2' title="bbox 293 214 1914 284; baseline 0 -18"><span class='ocrx_word' id='word_1_4' title='bbox 293 214 534 284; x_wconf 68' lang='lat' dir='ltr'><strong>pientis*</strong></span> <span class='ocrx_word' id='word_1_5' title='bbox 556 216 725 268; x_wconf 81' lang='lat' dir='ltr'><strong>situm</strong></span> <span class='ocrx_word' id='word_1_6' title='bbox 756 231 866 267; x_wconf 87' lang='lat' dir='ltr'><strong>non</strong></span> <span class='ocrx_word' id='word_1_7' title='bbox 898 215 1084 270; x_wconf 84' lang='lat' dir='ltr'><strong>officio</strong></span> <span class='ocrx_word' id='word_1_8' title='bbox 1105 217 1314 282; x_wconf 86' lang='lat' dir='ltr'><strong>solum,</strong></span> <span class='ocrx_word' id='word_1_9' title='bbox 1342 230 1532 272; x_wconf 76' lang='lat' dir='ltr'><strong>verum</strong></span> <span class='ocrx_word' id='word_1_10' title='bbox 1555 215 1725 269; x_wconf 87' lang='lat' dir='ltr'><strong>etiam</strong></span> <span class='ocrx_word' id='word_1_11' title='bbox 1745 220 1914 282; x_wconf 83' lang='lat' dir='ltr'><strong>pote-</strong></span> 
     </span>
     <span class='ocr_line' id='line_1_3' title="bbox 289 286 1918 352; baseline 0.001 -16"><span class='ocrx_word' id='word_1_12' title='bbox 289 291 464 336; x_wconf 83' lang='lat' dir='ltr'><strong>state:</strong></span> <span class='ocrx_word' id='word_1_13' title='bbox 506 291 771 352; x_wconf 83' lang='lat' dir='ltr'><strong>sequatur</strong></span> <span class='ocrx_word' id='word_1_14' title='bbox 806 300 1033 338; x_wconf 83' lang='lat' dir='ltr'><strong>necesse</strong></span> <span class='ocrx_word' id='word_1_15' title='bbox 1067 293 1177 349; x_wconf 83' lang='lat' dir='ltr'><strong>est,</strong></span> <span class='ocrx_word' id='word_1_16' title='bbox 1219 293 1303 350; x_wconf 86' lang='lat' dir='ltr'><strong>ut,</strong></span> <span class='ocrx_word' id='word_1_17' title='bbox 1344 287 1500 338; x_wconf 82' lang='lat' dir='ltr'><strong>cuius</strong></span> <span class='ocrx_word' id='word_1_18' title='bbox 1527 286 1587 338; x_wconf 87' lang='lat' dir='ltr'><strong>in</strong></span> <span class='ocrx_word' id='word_1_19' title='bbox 1617 289 1918 352; x_wconf 71' lang='lat' dir='ltr'><strong>potestate</strong></span> 
     </span>
     <span class='ocr_line' id='line_1_4' title="bbox 290 353 1945 418; baseline 0.001 -15"><span class='ocrx_word' id='word_1_20' title='bbox 290 368 565 404; x_wconf 86' lang='lat' dir='ltr'><strong>summum</strong></span> <span class='ocrx_word' id='word_1_21' title='bbox 595 354 839 418; x_wconf 56' lang='lat' dir='ltr'><strong>bonum}</strong></span> <span class='ocrx_word' id='word_1_22' title='bbox 871 355 931 406; x_wconf 87' lang='lat' dir='ltr'><strong>in</strong></span> <span class='ocrx_word' id='word_1_23' title='bbox 962 355 1208 409; x_wconf 84' lang='lat' dir='ltr'><strong>eiusdem</strong></span> <span class='ocrx_word' id='word_1_24' title='bbox 1238 357 1358 409; x_wconf 78' lang='lat' dir='ltr'><strong>vita</strong></span> <span class='ocrx_word' id='word_1_25' title='bbox 1375 355 1546 409; x_wconf 77' lang='lat' dir='ltr'><strong>heata</strong></span> <span class='ocrx_word' id='word_1_26' title='bbox 1565 355 1657 407; x_wconf 87' lang='lat' dir='ltr'><strong>sit.</strong></span> <span class='ocrx_word' id='word_1_27' title='bbox 1728 354 1820 405; x_wconf 85' lang='lat' dir='ltr'><strong>Ita</strong></span> <span class='ocrx_word' id='word_1_28' title='bbox 1841 353 1945 405; x_wconf 62' lang='lat' dir='ltr'><strong>flt‘</strong></span> 
     </span>
     <span class='ocr_line' id='line_1_5' title="bbox 292 423 1916 492; baseline 0 -19"><span class='ocrx_word' id='word_1_29' title='bbox 292 437 512 489; x_wconf 81' lang='lat' dir='ltr'><strong>semper</strong></span> <span class='ocrx_word' id='word_1_30' title='bbox 533 423 835 478; x_wconf 77' lang='lat' dir='ltr'><strong>vita-beata</strong></span> <span class='ocrx_word' id='word_1_31' title='bbox 855 423 1144 492; x_wconf 83' lang='lat' dir='ltr'><strong>sapientis.</strong></span> <span class='ocrx_word' id='word_1_32' title='bbox 1201 425 1411 490; x_wconf 82' lang='lat' dir='ltr'><strong>Habes,</strong></span> <span class='ocrx_word' id='word_1_33' title='bbox 1433 439 1575 492; x_wconf 82' lang='lat' dir='ltr'><strong>quae</strong></span> <span class='ocrx_word' id='word_1_34' title='bbox 1596 423 1916 477; x_wconf 81' lang='lat' dir='ltr'><strong>fortissime</strong></span> 
     </span>
     <span class='ocr_line' id='line_1_6' title="bbox 292 491 1912 562; baseline -0.001 -18"><span class='ocrx_word' id='word_1_35' title='bbox 292 491 362 544; x_wconf 87' lang='lat' dir='ltr'><strong>de</strong></span> <span class='ocrx_word' id='word_1_36' title='bbox 379 492 548 545; x_wconf 87' lang='lat' dir='ltr'><strong>beata</strong></span> <span class='ocrx_word' id='word_1_37' title='bbox 566 493 685 545; x_wconf 82' lang='lat' dir='ltr'><strong>vita</strong></span> <span class='ocrx_word' id='word_1_38' title='bbox 706 493 821 545; x_wconf 91' lang='lat' dir='ltr'><strong>dici</strong></span> <span class='ocrx_word' id='word_1_39' title='bbox 840 499 1048 560; x_wconf 87' lang='lat' dir='ltr'><strong>putem,</strong></span> <span class='ocrx_word' id='word_1_40' title='bbox 1081 499 1154 557; x_wconf 91' lang='lat' dir='ltr'><strong>et,</strong></span> <span class='ocrx_word' id='word_1_41' title='bbox 1177 509 1288 562; x_wconf 89' lang='lat' dir='ltr'><strong>quo</strong></span> <span class='ocrx_word' id='word_1_42' title='bbox 1307 494 1476 546; x_wconf 87' lang='lat' dir='ltr'><strong>modo</strong></span> <span class='ocrx_word' id='word_1_43' title='bbox 1497 508 1642 546; x_wconf 75' lang='lat' dir='ltr'><strong>nunc</strong></span> <span class='ocrx_word' id='word_1_44' title='bbox 1661 497 1766 555; x_wconf 84' lang='lat' dir='ltr'><strong>est,</strong></span> <span class='ocrx_word' id='word_1_45' title='bbox 1793 492 1912 544; x_wconf 83' lang='lat' dir='ltr'><strong>nisi</strong></span> 
     </span>
     <span class='ocr_line' id='line_1_7' title="bbox 292 560 1552 628; baseline 0.002 -16"><span class='ocrx_word' id='word_1_46' title='bbox 292 560 430 628; x_wconf 87' lang='lat' dir='ltr'><strong>quid</strong></span> <span class='ocrx_word' id='word_1_47' title='bbox 452 567 514 612; x_wconf 87' lang='lat' dir='ltr'><strong>tu</strong></span> <span class='ocrx_word' id='word_1_48' title='bbox 534 562 735 614; x_wconf 86' lang='lat' dir='ltr'><strong>melius</strong></span> <span class='ocrx_word' id='word_1_49' title='bbox 753 563 1027 626; x_wconf 81' lang='lat' dir='ltr'><strong>attuleris,</strong></span> <span class='ocrx_word' id='word_1_50' title='bbox 1051 565 1224 616; x_wconf 86' lang='lat' dir='ltr'><strong>etiam</strong></span> <span class='ocrx_word' id='word_1_51' title='bbox 1243 563 1552 618; x_wconf 77' lang='lat' dir='ltr'><strong>verissime.</strong></span> 
     </span>
    </p>

    <p class='ocr_par' dir='ltr' id='par_1_3' title="bbox 291 629 1912 1250">
     <span class='ocr_line' id='line_1_8' title="bbox 398 629 1910 701; baseline -0.001 -15"><span class='ocrx_word' id='word_1_52' title='bbox 398 629 601 686; x_wconf 79' lang='lat' dir='ltr'><strong>XXIX.</strong></span> <span class='ocrx_word' id='word_1_53' title='bbox 642 632 700 684; x_wconf 78' lang='lat' dir='ltr'><strong>A.</strong></span> <span class='ocrx_word' id='word_1_54' title='bbox 736 631 943 684; x_wconf 84' lang='lat' dir='ltr'><strong>Melius</strong></span> <span class='ocrx_word' id='word_1_55' title='bbox 972 633 1228 701; x_wconf 80' lang='lat' dir='ltr'><strong>equidem</strong></span> <span class='ocrx_word' id='word_1_56' title='bbox 1259 633 1460 686; x_wconf 79' lang='lat' dir='ltr'><strong>afferre</strong></span> <span class='ocrx_word' id='word_1_57' title='bbox 1489 629 1630 684; x_wconf 80' lang='lat' dir='ltr'><strong>nihil</strong></span> <span class='ocrx_word' id='word_1_58' title='bbox 1649 647 1910 700; x_wconf 78' lang='lat' dir='ltr'><strong>possum:</strong></span> 
     </span>
     <span class='ocr_line' id='line_1_9' title="bbox 292 699 1912 768; baseline 0.002 -18"><span class='ocrx_word' id='word_1_59' title='bbox 292 699 391 751; x_wconf 87' lang='lat' dir='ltr'><strong>sed</strong></span> <span class='ocrx_word' id='word_1_60' title='bbox 411 715 447 750; x_wconf 82' lang='lat' dir='ltr'><strong>a</strong></span> <span class='ocrx_word' id='word_1_61' title='bbox 462 703 521 752; x_wconf 91' lang='lat' dir='ltr'><strong>tc</strong></span> <span class='ocrx_word' id='word_1_62' title='bbox 543 700 911 767; x_wconf 71' lang='lat' dir='ltr'><strong>(impetrarim</strong></span> <span class='ocrx_word' id='word_1_63' title='bbox 930 701 1188 766; x_wconf 76' lang='lat' dir='ltr'>libenter,</span> <span class='ocrx_word' id='word_1_64' title='bbox 1209 704 1322 755; x_wconf 86' lang='lat' dir='ltr'><strong>nisi</strong></span> <span class='ocrx_word' id='word_1_65' title='bbox 1341 702 1640 757; x_wconf 82' lang='lat' dir='ltr'><strong>molestum</strong></span> <span class='ocrx_word' id='word_1_66' title='bbox 1655 703 1748 764; x_wconf 86' lang='lat' dir='ltr'><strong>sit,</strong></span> <span class='ocrx_word' id='word_1_67' title='bbox 1773 717 1912 768; x_wconf 88' lang='lat' dir='ltr'><strong>quo·</strong></span> 
     </span>
     <span class='ocr_line' id='line_1_10' title="bbox 294 768 1912 840; baseline 0.001 -20"><span class='ocrx_word' id='word_1_68' title='bbox 294 768 446 820; x_wconf 83' lang='lat' dir='ltr'><strong>niam</strong></span> <span class='ocrx_word' id='word_1_69' title='bbox 474 775 533 821; x_wconf 87' lang='lat' dir='ltr'><strong>te</strong></span> <span class='ocrx_word' id='word_1_70' title='bbox 559 768 713 821; x_wconf 83' lang='lat' dir='ltr'><strong>nulla</strong></span> <span class='ocrx_word' id='word_1_71' title='bbox 742 770 967 822; x_wconf 80' lang='lat' dir='ltr'><strong>vincula</strong></span> <span class='ocrx_word' id='word_1_72' title='bbox 995 773 1305 840; x_wconf 88' lang='lat' dir='ltr'><strong>impediunt</strong></span> <span class='ocrx_word' id='word_1_73' title='bbox 1333 772 1503 824; x_wconf 86' lang='lat' dir='ltr'><strong>ullius</strong></span> <span class='ocrx_word' id='word_1_74' title='bbox 1532 777 1720 824; x_wconf 81' lang='lat' dir='ltr'><strong>certae</strong></span> <span class='ocrx_word' id='word_1_75' title='bbox 1743 771 1912 822; x_wconf 87' lang='lat' dir='ltr'><strong>disci·</strong></span> 
     </span>
     <span class='ocr_line' id='line_1_11' title="bbox 291 836 1910 909; baseline 0.004 -22"><span class='ocrx_word' id='word_1_76' title='bbox 291 837 499 904; x_wconf 79' lang='lat' dir='ltr'><strong>plinae,</strong></span> <span class='ocrx_word' id='word_1_77' title='bbox 520 836 773 908; x_wconf 81' lang='lat' dir='ltr'><strong>libasque</strong></span> <span class='ocrx_word' id='word_1_78' title='bbox 794 854 867 892; x_wconf 83' lang='lat' dir='ltr'><strong>ex</strong></span> <span class='ocrx_word' id='word_1_79' title='bbox 887 839 1160 905; x_wconf 82' lang='lat' dir='ltr'><strong>omnibus,</strong></span> <span class='ocrx_word' id='word_1_80' title='bbox 1181 841 1564 909; x_wconf 87' lang='lat' dir='ltr'><strong>quodcumque</strong></span> <span class='ocrx_word' id='word_1_81' title='bbox 1585 847 1642 892; x_wconf 88' lang='lat' dir='ltr'><strong>te</strong></span> <span class='ocrx_word' id='word_1_82' title='bbox 1662 840 1910 894; x_wconf 76' lang='lat' dir='ltr'><strong>maxime</strong></span> 
     </span>
     <span class='ocr_line' id='line_1_12' title="bbox 293 905 1910 979; baseline 0.002 -22"><span class='ocrx_word' id='word_1_83' title='bbox 293 905 478 973; x_wconf 86' lang='lat' dir='ltr'><strong>specie</strong></span> <span class='ocrx_word' id='word_1_84' title='bbox 498 907 756 961; x_wconf 77' lang='lat' dir='ltr'><strong>veritatis</strong></span> <span class='ocrx_word' id='word_1_85' title='bbox 778 918 991 963; x_wconf 73' lang='lat' dir='ltr'><strong>movet:</strong></span> <span class='ocrx_word' id='word_1_86' title='bbox 1039 911 1189 979; x_wconf 89' lang='lat' dir='ltr'><strong>quod</strong></span> <span class='ocrx_word' id='word_1_87' title='bbox 1209 911 1401 978; x_wconf 83' lang='lat' dir='ltr'><strong>paullo</strong></span> <span class='ocrx_word' id='word_1_88' title='bbox 1421 916 1550 963; x_wconf 81' lang='lat' dir='ltr'><strong>ante</strong></span> <span class='ocrx_word' id='word_1_89' title='bbox 1572 909 1910 976; x_wconf 76' lang='lat' dir='ltr'><strong>Peripateti-</strong></span> 
     </span>
     <span class='ocr_line' id='line_1_13' title="bbox 293 979 1908 1046; baseline 0.002 -18"><span class='ocrx_word' id='word_1_90' title='bbox 293 991 391 1028; x_wconf 83' lang='lat' dir='ltr'><strong>cos</strong></span> <span class='ocrx_word' id='word_1_91' title='bbox 408 982 763 1046; x_wconf 76' lang='lat' dir='ltr'><strong>veteremque</strong></span> <span class='ocrx_word' id='word_1_92' title='bbox 781 980 1136 1034; x_wconf 74' lang='lat' dir='ltr'><strong>Academiam</strong></span> <span class='ocrx_word' id='word_1_93' title='bbox 1158 980 1375 1033; x_wconf 87' lang='lat' dir='ltr'><strong>hortari</strong></span> <span class='ocrx_word' id='word_1_94' title='bbox 1393 979 1672 1044; x_wconf 77' lang='lat' dir='ltr'><strong>videbare,</strong></span> <span class='ocrx_word' id='word_1_95' title='bbox 1693 985 1759 1030; x_wconf 87' lang='lat' dir='ltr'><strong>ut</strong></span> <span class='ocrx_word' id='word_1_96' title='bbox 1777 979 1908 1032; x_wconf 86' lang='lat' dir='ltr'><strong>sinc</strong></span> 
     </span>
     <span class='ocr_line' id='line_1_14' title="bbox 291 1046 1912 1116; baseline 0.003 -19"><span class='ocrx_word' id='word_1_97' title='bbox 291 1046 693 1099; x_wconf 75' lang='lat' dir='ltr'><strong>retractatione</strong></span> <span class='ocrx_word' id='word_1_98' title='bbox 721 1047 897 1102; x_wconf 85' lang='lat' dir='ltr'><strong>libere</strong></span> <span class='ocrx_word' id='word_1_99' title='bbox 930 1051 1120 1102; x_wconf 81' lang='lat' dir='ltr'><strong>dicere</strong></span> <span class='ocrx_word' id='word_1_100' title='bbox 1151 1049 1446 1112; x_wconf 76' lang='lat' dir='ltr'><strong>auderent,</strong></span> <span class='ocrx_word' id='word_1_101' title='bbox 1479 1049 1760 1116; x_wconf 84' lang='lat' dir='ltr'><strong>sapientes</strong></span> <span class='ocrx_word' id='word_1_102' title='bbox 1780 1055 1912 1102; x_wconf 80' lang='lat' dir='ltr'><strong>esse</strong></span> 
     </span>
     <span class='ocr_line' id='line_1_15' title="bbox 291 1116 1906 1186; baseline 0.001 -20"><span class='ocrx_word' id='word_1_103' title='bbox 291 1129 511 1182; x_wconf 84' lang='lat' dir='ltr'><strong>semper</strong></span> <span class='ocrx_word' id='word_1_104' title='bbox 527 1116 919 1181; x_wconf 81' lang='lat' dir='ltr'><strong>beatissimos,)</strong></span> <span class='ocrx_word' id='word_1_105' title='bbox 938 1118 998 1170; x_wconf 90' lang='lat' dir='ltr'><strong>id</strong></span> <span class='ocrx_word' id='word_1_106' title='bbox 1018 1119 1420 1182; x_wconf 79' lang='lat' dir='ltr'><strong>velimaudire,</strong></span> <span class='ocrx_word' id='word_1_107' title='bbox 1437 1117 1906 1186; x_wconf 77' lang='lat' dir='ltr'><strong>quemadmodum</strong></span> 
     </span>
     <span class='ocr_line' id='line_1_16' title="bbox 291 1182 1904 1250; baseline 0.001 -14"><span class='ocrx_word' id='word_1_108' title='bbox 291 1182 378 1236; x_wconf 80' lang='lat' dir='ltr'><strong>his</strong></span> <span class='ocrx_word' id='word_1_109' title='bbox 398 1190 557 1250; x_wconf 84' lang='lat' dir='ltr'><strong>putes</strong></span> <span class='ocrx_word' id='word_1_110' title='bbox 582 1190 1012 1240; x_wconf 82' lang='lat' dir='ltr'><strong>consentaneum</strong></span> <span class='ocrx_word' id='word_1_111' title='bbox 1041 1203 1165 1240; x_wconf 84' lang='lat' dir='ltr'><strong>esse</strong></span> <span class='ocrx_word' id='word_1_112' title='bbox 1193 1188 1254 1240; x_wconf 87' lang='lat' dir='ltr'><strong>id</strong></span> <span class='ocrx_word' id='word_1_113' title='bbox 1275 1187 1474 1240; x_wconf 83' lang='lat' dir='ltr'><strong>dicere.</strong></span> <span class='ocrx_word' id='word_1_114' title='bbox 1545 1186 1731 1239; x_wconf 75' lang='lat' dir='ltr'><strong>Multa</strong></span> <span class='ocrx_word' id='word_1_115' title='bbox 1751 1187 1904 1240; x_wconf 73' lang='lat' dir='ltr'><strong>enim</strong></span> 
     </span>
    </p>
   </div>
   <div class='ocr_carea' id='block_1_3' title="bbox 212 1254 1903 1310">
    <p class='ocr_par' dir='ltr' id='par_1_4' title="bbox 212 1254 1903 1310">
     <span class='ocr_line' id='line_1_17' title="bbox 212 1254 1903 1310; baseline 0.003 -7"><span class='ocrx_word' id='word_1_116' title='bbox 212 1301 227 1310; x_wconf 77' lang='grc'><strong><em>,</em></strong></span> <span class='ocrx_word' id='word_1_117' title='bbox 290 1267 327 1304; x_wconf 81' lang='lat' dir='ltr'><strong>a</strong></span> <span class='ocrx_word' id='word_1_118' title='bbox 344 1259 403 1304; x_wconf 87' lang='lat' dir='ltr'><strong>te</strong></span> <span class='ocrx_word' id='word_1_119' title='bbox 426 1259 621 1306; x_wconf 81' lang='lat' dir='ltr'><strong>contra</strong></span> <span class='ocrx_word' id='word_1_120' title='bbox 638 1254 807 1306; x_wconf 82' lang='lat' dir='ltr'><strong>istam</strong></span> <span class='ocrx_word' id='word_1_121' title='bbox 828 1258 1162 1309; x_wconf 85' lang='lat' dir='ltr'><strong>sententiam</strong></span> <span class='ocrx_word' id='word_1_122' title='bbox 1185 1257 1482 1309; x_wconf 75' lang='lat' dir='ltr'><strong>dictasunt</strong></span> <span class='ocrx_word' id='word_1_123' title='bbox 1505 1264 1562 1310; x_wconf 86' lang='lat' dir='ltr'><strong>et</strong></span> <span class='ocrx_word' id='word_1_124' title='bbox 1581 1256 1903 1310; x_wconf 82' lang='lat' dir='ltr'><strong>Stoicorum</strong></span> 
     </span>
    </p>
   </div>
   <div class='ocr_carea' id='block_1_4' title="bbox 202 1322 1902 2777">
    <p class='ocr_par' dir='ltr' id='par_1_5' title="bbox 226 1322 1902 2543">
     <span class='ocr_line' id='line_1_18' title="bbox 289 1322 1902 1410; baseline 0.002 -36"><span class='ocrx_word' id='word_1_125' title='bbox 289 1322 509 1388; x_wconf 68' lang='lat' dir='ltr'><strong>ratione</strong></span> <span class='ocrx_word' id='word_1_126' title='bbox 539 1324 819 1406; x_wconf 66' lang='lat' dir='ltr'><strong>conclusa.</strong></span> <span class='ocrx_word' id='word_1_127' title='bbox 891 1325 975 1408; x_wconf 63' lang='lat'><strong>⁸3³·</strong></span> <span class='ocrx_word' id='word_1_128' title='bbox 1012 1326 1360 1410; x_wconf 66' lang='lat' dir='ltr'><strong>M·&#39;¹.·¹“²!&#39;¹¹¹r</strong></span> <span class='ocrx_word' id='word_1_129' title='bbox 1397 1327 1573 1408; x_wconf 70' lang='lat' dir='ltr'><strong>igitur</strong></span> <span class='ocrx_word' id='word_1_130' title='bbox 1607 1327 1902 1378; x_wconf 63' lang='lat' dir='ltr'><strong>libertates</strong></span> 
     </span>
     <span class='ocr_line' id='line_1_19' title="bbox 290 1393 1902 1533; baseline 0.003 -22"><span class='ocrx_word' id='word_1_131' title='bbox 290 1393 1902 1533; x_wconf 50' lang='lat' dir='ltr'><strong>3¹3⁸„21‘13‘392fflzt1&#39;301ffl3‘33ziassffsssssssszassffi‘zfxsszzss&#39;sz</strong></span> 
     </span>
     <span class='ocr_line' id='line_1_20' title="bbox 290 1528 1902 1601; baseline 0.002 -19"><span class='ocrx_word' id='word_1_132' title='bbox 290 1529 360 1582; x_wconf 79' lang='lat' dir='ltr'><strong>ab</strong></span> <span class='ocrx_word' id='word_1_133' title='bbox 386 1528 509 1581; x_wconf 80' lang='lat' dir='ltr'><strong>aliis</strong></span> <span class='ocrx_word' id='word_1_134' title='bbox 531 1531 709 1597; x_wconf 80' lang='lat' dir='ltr'><strong>possit</strong></span> <span class='ocrx_word' id='word_1_135' title='bbox 736 1532 859 1601; x_wconf 86' lang='lat' dir='ltr'><strong>ipsa</strong></span> <span class='ocrx_word' id='word_1_136' title='bbox 890 1549 989 1601; x_wconf 91' lang='lat' dir='ltr'><strong>per</strong></span> <span class='ocrx_word' id='word_1_137' title='bbox 1016 1546 1164 1599; x_wconf 83' lang='lat' dir='ltr'><strong>sese&#39;,</strong></span> <span class='ocrx_word' id='word_1_138' title='bbox 1203 1534 1414 1589; x_wconf 87' lang='lat' dir='ltr'><strong>nullius</strong></span> <span class='ocrx_word' id='word_1_139' title='bbox 1447 1537 1781 1589; x_wconf 77' lang='lat' dir='ltr'><strong>auctoritate</strong></span> <span class='ocrx_word' id='word_1_140' title='bbox 1799 1534 1902 1585; x_wconf 78' lang='lat' dir='ltr'><strong>ad·</strong></span> 
     </span>
     <span class='ocr_line' id='line_1_21' title="bbox 289 1599 1898 1672; baseline 0.004 -20"><span class='ocrx_word' id='word_1_141' title='bbox 289 1600 501 1662; x_wconf 84' lang='lat' dir='ltr'><strong>iuncta,</strong></span> <span class='ocrx_word' id='word_1_142' title='bbox 516 1599 777 1655; x_wconf 82' lang='lat' dir='ltr'><strong>iudicari.</strong></span> <span class='ocrx_word' id='word_1_143' title='bbox 851 1604 925 1656; x_wconf 88' lang='lat' dir='ltr'><strong>Et</strong></span> <span class='ocrx_word' id='word_1_144' title='bbox 947 1605 1209 1672; x_wconf 87' lang='lat' dir='ltr'><strong>quoniam</strong></span> <span class='ocrx_word' id='word_1_145' title='bbox 1231 1606 1443 1659; x_wconf 83' lang='lat' dir='ltr'><strong>videris</strong></span> <span class='ocrx_word' id='word_1_146' title='bbox 1473 1604 1581 1659; x_wconf 83' lang='lat' dir='ltr'><strong>hoc</strong></span> <span class='ocrx_word' id='word_1_147' title='bbox 1609 1604 1778 1667; x_wconf 75' lang='lat' dir='ltr'><strong>velle,</strong></span> <span class='ocrx_word' id='word_1_148' title='bbox 1812 1611 1898 1667; x_wconf 77' lang='lat' dir='ltr'><strong>ut,</strong></span> 
     </span>
     <span class='ocr_line' id='line_1_22' title="bbox 292 1672 1902 1743; baseline 0.002 -22"><span class='ocrx_word' id='word_1_149' title='bbox 292 1684 668 1737; x_wconf 88' lang='lat' dir='ltr'><strong>quaecumque</strong></span> <span class='ocrx_word' id='word_1_150' title='bbox 700 1672 1150 1727; x_wconf 78' lang='lat' dir='ltr'><strong>dissentientium</strong></span> <span class='ocrx_word' id='word_1_151' title='bbox 1188 1673 1408 1743; x_wconf 83' lang='lat' dir='ltr'><strong>philoso</strong></span> <span class='ocrx_word' id='word_1_152' title='bbox 1447 1674 1644 1728; x_wconf 80' lang='lat' dir='ltr'><strong>horum</strong></span> <span class='ocrx_word' id='word_1_153' title='bbox 1683 1679 1902 1727; x_wconf 81' lang='lat' dir='ltr'><strong>senten-</strong></span> 
     </span>
     <span class='ocr_line' id='line_1_23' title="bbox 226 1738 1898 1804; baseline 0.004 -13"><span class='ocrx_word' id='word_1_154' title='bbox 226 1738 239 1757; x_wconf 66' lang='lat'><em>*</em></span> <span class='ocrx_word' id='word_1_155' title='bbox 290 1738 374 1791; x_wconf 83' lang='lat' dir='ltr'><strong>tia</strong></span> <span class='ocrx_word' id='word_1_156' title='bbox 396 1740 471 1791; x_wconf 88' lang='lat' dir='ltr'><strong>sit</strong></span> <span class='ocrx_word' id='word_1_157' title='bbox 494 1738 564 1792; x_wconf 87' lang='lat' dir='ltr'><strong>de</strong></span> <span class='ocrx_word' id='word_1_158' title='bbox 586 1740 801 1804; x_wconf 79' lang='lat' dir='ltr'><strong>finibus,</strong></span> <span class='ocrx_word' id='word_1_159' title='bbox 840 1748 1027 1795; x_wconf 84' lang='lat' dir='ltr'><strong>tamen</strong></span> <span class='ocrx_word' id='word_1_160' title='bbox 1047 1745 1226 1797; x_wconf 81' lang='lat' dir='ltr'><strong>virtus</strong></span> <span class='ocrx_word' id='word_1_161' title='bbox 1251 1747 1388 1797; x_wconf 86' lang='lat' dir='ltr'><strong>satis</strong></span> <span class='ocrx_word' id='word_1_162' title='bbox 1449 1746 1613 1798; x_wconf 84' lang='lat' dir='ltr'><strong>abeat</strong></span> <span class='ocrx_word' id='word_1_163' title='bbox 1633 1744 1706 1799; x_wconf 84' lang='lat' dir='ltr'><strong>ad</strong></span> <span class='ocrx_word' id='word_1_164' title='bbox 1724 1745 1898 1797; x_wconf 77' lang='lat' dir='ltr'><strong>vitam</strong></span> 
     </span>
     <span class='ocr_line' id='line_1_24' title="bbox 290 1807 1900 1881; baseline 0.005 -22"><span class='ocrx_word' id='word_1_165' title='bbox 290 1807 515 1861; x_wconf 83' lang='lat' dir='ltr'><strong>beatam</strong></span> <span class='ocrx_word' id='word_1_166' title='bbox 536 1810 825 1875; x_wconf 77' lang='lat' dir='ltr'><strong>praesidii,</strong></span> <span class='ocrx_word' id='word_1_167' title='bbox 848 1812 995 1879; x_wconf 89' lang='lat' dir='ltr'><strong>quod</strong></span> <span class='ocrx_word' id='word_1_168' title='bbox 1016 1814 1237 1879; x_wconf 86' lang='lat' dir='ltr'><strong>quidem</strong></span> <span class='ocrx_word' id='word_1_169' title='bbox 1253 1812 1594 1868; x_wconf 73' lang='lat' dir='ltr'><strong>Carneadem</strong></span> <span class='ocrx_word' id='word_1_170' title='bbox 1612 1814 1900 1881; x_wconf 80' lang='lat' dir='ltr'><strong>disputare</strong></span> 
     </span>
     <span class='ocr_line' id='line_1_25' title="bbox 290 1878 1900 1950; baseline 0.006 -22"><span class='ocrx_word' id='word_1_171' title='bbox 290 1878 517 1929; x_wconf 88' lang='lat' dir='ltr'><strong>solitum</strong></span> <span class='ocrx_word' id='word_1_172' title='bbox 540 1881 877 1947; x_wconf 79' lang='lat' dir='ltr'><strong>accepimus=</strong></span> <span class='ocrx_word' id='word_1_173' title='bbox 920 1881 1019 1934; x_wconf 86' lang='lat' dir='ltr'><strong>sed</strong></span> <span class='ocrx_word' id='word_1_174' title='bbox 1045 1884 1120 1946; x_wconf 87' lang='lat' dir='ltr'><strong>is,</strong></span> <span class='ocrx_word' id='word_1_175' title='bbox 1159 1891 1223 1935; x_wconf 85' lang='lat' dir='ltr'><strong>ut</strong></span> <span class='ocrx_word' id='word_1_176' title='bbox 1255 1890 1452 1936; x_wconf 85' lang='lat' dir='ltr'><strong>contra</strong></span> <span class='ocrx_word' id='word_1_177' title='bbox 1481 1883 1725 1947; x_wconf 85' lang='lat' dir='ltr'><strong>Stoicos,</strong></span> <span class='ocrx_word' id='word_1_178' title='bbox 1761 1897 1900 1950; x_wconf 82' lang='lat' dir='ltr'><strong>quos</strong></span> 
     </span>
     <span class='ocr_line' id='line_1_26' title="bbox 290 1946 1895 2021; baseline 0.004 -25"><span class='ocrx_word' id='word_1_179' title='bbox 290 1946 703 2001; x_wconf 73' lang='lat' dir='ltr'><strong>studiosissime</strong></span> <span class='ocrx_word' id='word_1_180' title='bbox 733 1965 953 2018; x_wconf 82' lang='lat' dir='ltr'><strong>semper</strong></span> <span class='ocrx_word' id='word_1_181' title='bbox 990 1952 1308 2016; x_wconf 80' lang='lat' dir='ltr'><strong>refellebat,</strong></span> <span class='ocrx_word' id='word_1_182' title='bbox 1351 1959 1410 2005; x_wconf 91' lang='lat' dir='ltr'><strong>et</strong></span> <span class='ocrx_word' id='word_1_183' title='bbox 1439 1960 1638 2007; x_wconf 83' lang='lat' dir='ltr'><strong>eontra</strong></span> <span class='ocrx_word' id='word_1_184' title='bbox 1663 1966 1895 2021; x_wconf 85' lang='lat' dir='ltr'><strong>quorum</strong></span> 
     </span>
     <span class='ocr_line' id='line_1_27' title="bbox 285 2015 1897 2089; baseline 0.005 -22"><span class='ocrx_word' id='word_1_185' title='bbox 285 2015 643 2086; x_wconf 30' lang='lat' dir='ltr'><strong>&#39;disciplinam</strong></span> <span class='ocrx_word' id='word_1_186' title='bbox 668 2018 951 2088; x_wconf 74' lang='lat' dir='ltr'><strong>ingenium</strong></span> <span class='ocrx_word' id='word_1_187' title='bbox 982 2022 1102 2073; x_wconf 89' lang='lat' dir='ltr'><strong>eius</strong></span> <span class='ocrx_word' id='word_1_188' title='bbox 1123 2026 1433 2089; x_wconf 78' lang='lat' dir='ltr'><strong>exarserat3</strong></span> <span class='ocrx_word' id='word_1_189' title='bbox 1475 2038 1576 2075; x_wconf 84' lang='lat' dir='ltr'><strong>nos</strong></span> <span class='ocrx_word' id='word_1_190' title='bbox 1603 2022 1746 2075; x_wconf 86' lang='lat' dir='ltr'><strong>illud</strong></span> <span class='ocrx_word' id='word_1_191' title='bbox 1779 2023 1897 2089; x_wconf 75' lang='lat' dir='ltr'><strong>qui·</strong></span> 
     </span>
     <span class='ocr_line' id='line_1_28' title="bbox 290 2085 1892 2157; baseline 0.005 -22"><span class='ocrx_word' id='word_1_192' title='bbox 290 2085 417 2137; x_wconf 89' lang='lat' dir='ltr'><strong>dem</strong></span> <span class='ocrx_word' id='word_1_193' title='bbox 440 2100 561 2137; x_wconf 86' lang='lat' dir='ltr'><strong>cum</strong></span> <span class='ocrx_word' id='word_1_194' title='bbox 584 2100 720 2153; x_wconf 81' lang='lat' dir='ltr'><strong>pace</strong></span> <span class='ocrx_word' id='word_1_195' title='bbox 741 2104 983 2157; x_wconf 79' lang='lat' dir='ltr'><strong>agemus.</strong></span> <span class='ocrx_word' id='word_1_196' title='bbox 1014 2089 1077 2143; x_wconf 89' lang='lat' dir='ltr'><strong>Si</strong></span> <span class='ocrx_word' id='word_1_197' title='bbox 1100 2093 1248 2145; x_wconf 87' lang='lat' dir='ltr'><strong>enim</strong></span> <span class='ocrx_word' id='word_1_198' title='bbox 1269 2092 1446 2146; x_wconf 83' lang='lat' dir='ltr'><strong>Stoici</strong></span> <span class='ocrx_word' id='word_1_199' title='bbox 1465 2092 1601 2143; x_wconf 76' lang='lat' dir='ltr'><strong>fines</strong></span> <span class='ocrx_word' id='word_1_200' title='bbox 1619 2092 1892 2143; x_wconf 75' lang='lat' dir='ltr'><strong>bouomm</strong></span> 
     </span>
     <span class='ocr_line' id='line_1_29' title="bbox 289 2158 1893 2222; baseline 0.004 -19"><span class='ocrx_word' id='word_1_201' title='bbox 289 2160 443 2207; x_wconf 82' lang='lat' dir='ltr'><strong>recte</strong></span> <span class='ocrx_word' id='word_1_202' title='bbox 470 2164 801 2222; x_wconf 84' lang='lat' dir='ltr'><strong>posuerunt3</strong></span> <span class='ocrx_word' id='word_1_203' title='bbox 838 2158 1096 2213; x_wconf 79' lang='lat' dir='ltr'><strong>confecta</strong></span> <span class='ocrx_word' id='word_1_204' title='bbox 1122 2176 1212 2215; x_wconf 88' lang='lat' dir='ltr'><strong>res</strong></span> <span class='ocrx_word' id='word_1_205' title='bbox 1241 2167 1353 2215; x_wconf 79' lang='lat' dir='ltr'><strong>est:</strong></span> <span class='ocrx_word' id='word_1_206' title='bbox 1392 2176 1615 2214; x_wconf 85' lang='lat' dir='ltr'><strong>neccsse</strong></span> <span class='ocrx_word' id='word_1_207' title='bbox 1638 2166 1724 2213; x_wconf 81' lang='lat' dir='ltr'><strong>est</strong></span> <span class='ocrx_word' id='word_1_208' title='bbox 1755 2174 1893 2213; x_wconf 87' lang='lat' dir='ltr'><strong>sem-</strong></span> 
     </span>
     <span class='ocr_line' id='line_1_30' title="bbox 290 2224 1893 2314; baseline 0.004 -39"><span class='ocrx_word' id='word_1_209' title='bbox 290 2234 390 2289; x_wconf 81' lang='lat' dir='ltr'><strong>per</strong></span> <span class='ocrx_word' id='word_1_210' title='bbox 431 2224 657 2276; x_wconf 81' lang='lat' dir='ltr'><strong>beatum</strong></span> <span class='ocrx_word' id='word_1_211' title='bbox 698 2242 819 2279; x_wconf 84' lang='lat' dir='ltr'><strong>esse</strong></span> <span class='ocrx_word' id='word_1_212' title='bbox 858 2228 1187 2294; x_wconf 82' lang='lat' dir='ltr'><strong>sapientem.</strong></span> <span class='ocrx_word' id='word_1_213' title='bbox 1279 2232 1364 2283; x_wconf 77' lang='lat'><strong>84.</strong></span> <span class='ocrx_word' id='word_1_214' title='bbox 1411 2228 1522 2283; x_wconf 86' lang='lat' dir='ltr'><strong>Sed</strong></span> <span class='ocrx_word' id='word_1_215' title='bbox 1565 2244 1893 2314; x_wconf 81' lang='lat' dir='ltr'><strong>quaeramus</strong></span> 
     </span>
     <span class='ocr_line' id='line_1_31' title="bbox 288 2298 1894 2366; baseline 0.005 -25"><span class='ocrx_word' id='word_1_216' title='bbox 288 2304 455 2342; x_wconf 86' lang='lat' dir='ltr'><strong>unam</strong></span> <span class='ocrx_word' id='word_1_217' title='bbox 486 2306 757 2362; x_wconf 82' lang='lat' dir='ltr'><strong>quamque</strong></span> <span class='ocrx_word' id='word_1_218' title='bbox 785 2298 1125 2364; x_wconf 85' lang='lat' dir='ltr'><strong>reliquorum</strong></span> <span class='ocrx_word' id='word_1_219' title='bbox 1154 2301 1512 2365; x_wconf 83' lang='lat' dir='ltr'><strong>sententiam,</strong></span> <span class='ocrx_word' id='word_1_220' title='bbox 1553 2317 1605 2352; x_wconf 76' lang='lat' dir='ltr'><strong>si</strong></span> <span class='ocrx_word' id='word_1_221' title='bbox 1635 2300 1758 2353; x_wconf 78' lang='lat' dir='ltr'><strong>fleri</strong></span> <span class='ocrx_word' id='word_1_222' title='bbox 1796 2313 1894 2366; x_wconf 88' lang='lat' dir='ltr'><strong>po·</strong></span> 
     </span>
     <span class='ocr_line' id='line_1_32' title="bbox 288 2360 1894 2435; baseline 0.009 -28"><span class='ocrx_word' id='word_1_223' title='bbox 288 2363 416 2421; x_wconf 84' lang='lat' dir='ltr'><strong>test,</strong></span> <span class='ocrx_word' id='word_1_224' title='bbox 456 2368 521 2411; x_wconf 88' lang='lat' dir='ltr'><strong>ut</strong></span> <span class='ocrx_word' id='word_1_225' title='bbox 542 2360 647 2414; x_wconf 86' lang='lat' dir='ltr'><strong>hoo</strong></span> <span class='ocrx_word' id='word_1_226' title='bbox 667 2364 1016 2431; x_wconf 78' lang='lat' dir='ltr'><strong>praeclarum</strong></span> <span class='ocrx_word' id='word_1_227' title='bbox 1036 2370 1198 2435; x_wconf 80' lang='lat' dir='ltr'><strong>quasi</strong></span> <span class='ocrx_word' id='word_1_228' title='bbox 1221 2369 1502 2424; x_wconf 86' lang='lat' dir='ltr'><strong>decretum</strong></span> <span class='ocrx_word' id='word_1_229' title='bbox 1521 2371 1719 2423; x_wconf 80' lang='lat' dir='ltr'><strong>beatae</strong></span> <span class='ocrx_word' id='word_1_230' title='bbox 1739 2368 1894 2421; x_wconf 80' lang='lat' dir='ltr'><strong>vitae</strong></span> 
     </span>
     <span class='ocr_line' id='line_1_33' title="bbox 286 2428 1888 2543; baseline 0.01 -67"><span class='ocrx_word' id='word_1_231' title='bbox 286 2428 467 2543; x_wconf 42' lang='lat' dir='ltr'><strong>{ussit</strong></span> <span class='ocrx_word' id='word_1_232' title='bbox 506 2432 745 2483; x_wconf 86' lang='lat' dir='ltr'><strong>omnium</strong></span> <span class='ocrx_word' id='word_1_233' title='bbox 786 2437 1080 2488; x_wconf 85' lang='lat' dir='ltr'><strong>sententiis</strong></span> <span class='ocrx_word' id='word_1_234' title='bbox 1122 2444 1180 2490; x_wconf 88' lang='lat' dir='ltr'><strong>et</strong></span> <span class='ocrx_word' id='word_1_235' title='bbox 1221 2436 1534 2507; x_wconf 82' lang='lat' dir='ltr'><strong>disciplinis</strong></span> <span class='ocrx_word' id='word_1_236' title='bbox 1573 2438 1888 2492; x_wconf 78' lang='lat' dir='ltr'><strong>convenire.</strong></span> 
     </span>
    </p>

    <p class='ocr_par' dir='ltr' id='par_1_6' title="bbox 202 2493 1891 2645">
     <span class='ocr_line' id='line_1_34' title="bbox 342 2493 1891 2570; baseline 0.012 -25"><span class='ocrx_word' id='word_1_237' title='bbox 342 2493 466 2546; x_wconf 86' lang='lat' dir='ltr'><strong>XX.</strong></span> <span class='ocrx_word' id='word_1_238' title='bbox 488 2496 628 2550; x_wconf 86' lang='lat' dir='ltr'><strong>Sunt</strong></span> <span class='ocrx_word' id='word_1_239' title='bbox 649 2507 834 2554; x_wconf 82' lang='lat' dir='ltr'><strong>autem</strong></span> <span class='ocrx_word' id='word_1_240' title='bbox 857 2500 961 2555; x_wconf 84' lang='lat' dir='ltr'><strong>hae</strong></span> <span class='ocrx_word' id='word_1_241' title='bbox 982 2504 1052 2557; x_wconf 90' lang='lat' dir='ltr'><strong>de</strong></span> <span class='ocrx_word' id='word_1_242' title='bbox 1072 2506 1290 2569; x_wconf 79' lang='lat' dir='ltr'><strong>tinibus,</strong></span> <span class='ocrx_word' id='word_1_243' title='bbox 1313 2514 1376 2560; x_wconf 91' lang='lat' dir='ltr'><strong>ut</strong></span> <span class='ocrx_word' id='word_1_244' title='bbox 1398 2522 1432 2559; x_wconf 86' lang='lat' dir='ltr'><strong>o</strong></span> <span class='ocrx_word' id='word_1_245' title='bbox 1471 2506 1612 2570; x_wconf 76' lang='lat' dir='ltr'><strong>inor,</strong></span> <span class='ocrx_word' id='word_1_246' title='bbox 1633 2512 1891 2563; x_wconf 78' lang='lat' dir='ltr'><strong>retentae</strong></span> 
     </span>
     <span class='ocr_line' id='line_1_35' title="bbox 202 2558 1888 2645; baseline 0.011 -32"><span class='ocrx_word' id='word_1_247' title='bbox 202 2620 209 2636; x_wconf 35' lang='grc' dir='ltr'><strong><em>ι</em></strong></span> <span class='ocrx_word' id='word_1_248' title='bbox 285 2558 653 2641; x_wconf 57' lang='lat' dir='ltr'><strong>defensaeque</strong></span> <span class='ocrx_word' id='word_1_249' title='bbox 676 2572 1011 2624; x_wconf 82' lang='lat' dir='ltr'><strong>sententiae:</strong></span> <span class='ocrx_word' id='word_1_250' title='bbox 1035 2574 1276 2640; x_wconf 85' lang='lat' dir='ltr'><strong>primum</strong></span> <span class='ocrx_word' id='word_1_251' title='bbox 1293 2577 1434 2643; x_wconf 84' lang='lat' dir='ltr'><strong>simp</strong></span> <span class='ocrx_word' id='word_1_252' title='bbox 1463 2577 1574 2627; x_wconf 85' lang='lat' dir='ltr'><strong>&#39;ces</strong></span> <span class='ocrx_word' id='word_1_253' title='bbox 1594 2582 1888 2645; x_wconf 74' lang='lat' dir='ltr'><strong>quattuor:</strong></span> 
     </span>
    </p>

    <p class='ocr_par' dir='ltr' id='par_1_7' title="bbox 283 2624 1890 2777">
     <span class='ocr_line' id='line_1_36' title="bbox 283 2624 1890 2713; baseline 0.018 -38"><span class='ocrx_word' id='word_1_254' title='bbox 283 2624 435 2707; x_wconf 70' lang='lat' dir='ltr'><strong>N.¹¹!¹¹</strong></span> <span class='ocrx_word' id='word_1_255' title='bbox 456 2631 678 2697; x_wconf 89' lang='lat' dir='ltr'><strong>bonum,</strong></span> <span class='ocrx_word' id='word_1_256' title='bbox 709 2638 817 2689; x_wconf 88' lang='lat' dir='ltr'><strong>nisi</strong></span> <span class='ocrx_word' id='word_1_257' title='bbox 840 2639 1147 2705; x_wconf 89' lang='lat' dir='ltr'><strong>honestum,</strong></span> <span class='ocrx_word' id='word_1_258' title='bbox 1166 2651 1230 2695; x_wconf 88' lang='lat' dir='ltr'><strong>ut</strong></span> <span class='ocrx_word' id='word_1_259' title='bbox 1247 2643 1446 2697; x_wconf 80' lang='lat' dir='ltr'><strong>Stoici=</strong></span> <span class='ocrx_word' id='word_1_260' title='bbox 1481 2644 1643 2699; x_wconf 80' lang='lat' dir='ltr'><strong>Nihil</strong></span> <span class='ocrx_word' id='word_1_261' title='bbox 1661 2648 1890 2713; x_wconf 82' lang='lat' dir='ltr'><strong>bonum,</strong></span> 
     </span>
     <span class='ocr_line' id='line_1_37' title="bbox 283 2698 1862 2777; baseline 0.022 -37"><span class='ocrx_word' id='word_1_262' title='bbox 283 2708 391 2745; x_wconf 71' lang='lat' dir='ltr'><strong>*usi</strong></span> <span class='ocrx_word' id='word_1_263' title='bbox 414 2698 691 2766; x_wconf 68' lang='lat' dir='ltr'><strong>voluptas.</strong></span> <span class='ocrx_word' id='word_1_264' title='bbox 718 2710 781 2757; x_wconf 86' lang='lat' dir='ltr'><strong>ut</strong></span> <span class='ocrx_word' id='word_1_265' title='bbox 800 2707 1098 2771; x_wconf 84' lang='lat' dir='ltr'><strong>Epicurus:</strong></span> <span class='ocrx_word' id='word_1_266' title='bbox 1136 2712 1294 2765; x_wconf 86' lang='lat' dir='ltr'><strong>Nihil</strong></span> <span class='ocrx_word' id='word_1_267' title='bbox 1312 2714 1538 2777; x_wconf 82' lang='lat' dir='ltr'><strong>bonum.</strong></span> <span class='ocrx_word' id='word_1_268' title='bbox 1565 2718 1680 2773; x_wconf 81' lang='lat' dir='ltr'><strong>uisi</strong></span> <span class='ocrx_word' id='word_1_269' title='bbox 1701 2723 1862 2775; x_wconf 79' lang='lat' dir='ltr'><strong>vacui</strong></span> 
     </span>
    </p>
   </div>
  </div>
 </body>
</html>
