2087 2914
660 124 834 180 PAR.
869 124 912 179 1.
985 124 1155 177 CAP.
1194 122 1245 177 1.
1278 126 1331 178 2.
1722 126 1792 181 ⁷³

185 230 330 283 haec
348 226 603 281 videatur
625 226 831 281 oratioz
871 226 1056 283 dicam
1074 233 1281 291 tamen,
1316 226 1463 295 quod
1481 230 1699 293 sentim
1733 234 1793 283 et

187 298 372 351 dicam
411 296 656 359 brevius,
699 312 862 367 quam
901 312 994 351 res
1024 302 1185 351 tanta
1213 296 1327 349 dici
1356 298 1557 365 poscit.
1624 297 1793 351 Num·

187 382 358 435 quam
378 364 692 420 mehercule
717 382 821 435 ego
845 382 1021 435 neque
1039 367 1305 437 pecunias
1322 367 1580 431 istorum,
1612 382 1791 434 neque

187 443 350 490 tecta
371 436 686 502 magnilica,
727 451 904 504 neque
927 452 1087 505 opes,
1126 452 1305 506 neque
1324 436 1577 503 imperia,
1615 450 1794 502 neque

191 520 310 568 eas,
332 504 530 572 quibus
553 506 790 559 maxime
809 506 1071 560 adstricti
1090 513 1237 571 sunt,
1255 506 1595 573 voluptates,
1616 504 1677 555 in
1696 506 1794 557 bo-

191 574 280 625 nis
299 574 468 629 rebus
489 580 585 627 aut
603 575 930 643 expetendis
951 592 1075 631 esse
1096 575 1259 629 duxi:
1301 577 1507 644 quippe
1529 588 1697 643 quum
1718 575 1796 625 ri·

193 642 481 706 demitur,
503 645 670 697 rebus
693 638 786 697 his'
800 645 1332 710 circumfluentibus,
1354 660 1423 699 ca
1443 651 1633 698 tamen
1653 642 1798 695 desi·

191 711 394 765 derare
413 714 671 777 maxime,
697 715 898 782 quibus
921 715 1285 769 abundarent.
1321 714 1515 782 Neque
1534 714 1685 767 enim
1705 725 1798 765 ex·

191 781 382 849 pietur
401 796 680 850 umquam,
700 799 802 837 nec
823 786 1063 837 satiatur
1081 784 1403 853 cupiditatis
1424 782 1577 836 sitisz
1618 796 1799 849 neque

193 850 406 913 solum,
445 866 512 904 ea
540 852 636 921 qui
655 850 887 918 habent,
927 854 1165 907 libidine
1194 853 1437 923 augendi
1466 852 1800 912 cruciantur,

195 918 298 971 sed
317 920 486 972 etiam
511 921 806 973 amittendi
837 927 1008 975 metu.
1079 924 1132 974 ⁷.
1170 922 1233 974 ln
1253 936 1363 989 quo
1394 920 1654 988 equidem
1674 934 1801 971 con·

191 987 696 1051 tinentissimorum
713 988 1014 1051 hominum,
1031 990 1312 1042 maiorum
1331 996 1668 1052 nostrorum,
1684 1002 1803 1041 sac-

193 1056 1020 1193 issbffssflff‘sscifflfffflssriffi
1039 1055 1481 1180 Ἢιῖὦωὲἓῖἑῗ
1492 1064 1803 1179 ῗιζῖῗιᾚῑ

192 1142 532 1264 ιρροΙΙειιξᾶα
545 1230 561 1258 ,
591 1211 758 1265 quum
777 1212 842 1250 re
861 1212 929 1249 ac
949 1126 1118 1249 &ctis
1136 1197 1235 1249 lon
1274 1212 1305 1249 e
1326 1142 1805 1249 antei-'iudicavis-

195 1270 339 1318 sent-
373 1263 640 1319 Potestne
661 1266 867 1319 bonum
887 1266 1145 1335 cuiquam
1164 1282 1221 1319 m
1282 1282 1317 1320 o
1338 1265 1493 1320 csse!
1511 1271 1611 1319 aut
1620 1270 1807 1332 potest

194 1334 487 1402 quisquam
511 1335 572 1386 in
595 1335 935 1389 abundantio
959 1336 1237 1387 bonorum
1264 1335 1385 1403 ipse
1416 1350 1539 1388 esse
1570 1349 1683 1385 non
1708 1333 1807 1385 bo·

195 1402 333 1455 nusi
354 1404 522 1471 Atqui
543 1404 656 1457 ista
677 1405 864 1459 omnia
881 1405 1026 1460 talia
1046 1406 1318 1470 videmus,
1338 1413 1401 1460 ut
1423 1404 1589 1459 etiam
1606 1402 1807 1472 impro-

203 1473 260 1526 bi
276 1473 533 1539 habeam,
553 1485 608 1529 et
625 1475 806 1530 obsint
817 1475 1028 1546 probis.
1100 1478 1153 1532 8.
1187 1476 1557 1540 Quamobrem
1581 1474 1717 1528 licet
1736 1473 1807 1526 ir·

193 1542 410 1606 rideat,
448 1543 500 1596 si
531 1544 654 1611 quis
672 1545 821 1598 wilt:
859 1547 984 1613 plus
1004 1546 1155 1614 apud
1186 1561 1277 1598 me
1296 1551 1486 1598 tamen
1505 1560 1639 1596 vera
1656 1545 1805 1596 ratio

194 1611 428 1676 valebit,
451 1629 614 1680 quam
635 1615 789 1682 vulgi
811 1615 1026 1681 opinio=
1052 1629 1231 1682 neque
1247 1628 1353 1681 ego
1376 1628 1641 1680 umquam
1660 1614 1809 1666 bona

196 1681 504 1748 perdidisse
527 1682 735 1745 dicam,
751 1682 804 1734 si
825 1684 920 1751 qui
937 1698 1109 1751 pecus
1128 1689 1228 1735 aut
1251 1682 1653 1750 supellectilem
1672 1681 1809 1733 ami·

195 1751 362 1804 sex-its
421 1765 601 1823 neque
639 1767 752 1805 non
787 1767 956 1821 saepe
994 1753 1239 1806 laudabo
1277 1752 1588 1821 sapientem
1624 1750 1807 1812 illum,

193 1819 476 1884 mantem,
507 1827 572 1872 ut
595 1821 810 1887 opinor,
838 1823 934 1891 qui
954 1828 1279 1875 numeratur
1298 1822 1358 1874 in
1378 1827 1621 1890 septem:
1652 1817 1809 1872 cuius

195 1904 364 1956 quum
387 1889 630 1957 patriam
648 1889 887 1943 Prienen
911 1893 1153 1957 cepisset
1173 1891 1383 1954 hostis,
1420 1890 1703 1956 ceterique
1723 1889 1809 1942 ita

195 1957 476 2027 fugerent,
510 1962 575 2010 ut
597 1958 778 2010 multa
798 1957 870 2011 de
891 1959 1008 2011 suis
1028 1961 1195 2013 rebus
1212 1975 1401 2013 secum
1424 1964 1805 2026 asportarent:

197 2039 368 2096 quum
389 2033 541 2082 esset
561 2026 882 2082 admonitus
904 2044 941 2081 a
959 2029 1231 2098 quodam,
1263 2036 1328 2082 ut
1348 2029 1501 2082 idem
1519 2027 1645 2096 ipse
1660 2025 1807 2082 face·

197 2102 308 2150 ret:
351 2097 478 2168 Ego
500 2114 644 2162 vero,
687 2097 886 2167 inquit,
913 2097 1109 2172 facio.-
1155 2115 1283 2154 nam
1300 2099 1485 2154 omnia
1505 2115 1623 2154 mea
1636 2108 1807 2168 porto

199 2182 418 2219 mecum.
461 2171 516 2221 9.
534 2168 639 2220 llle
658 2165 797 2220 haec
816 2168 1067 2224 ludibria
1084 2168 1343 2225 fortunae
1362 2185 1433 2225 ne
1452 2183 1560 2222 sua
1580 2168 1806 2236 quidem

197 2236 438 2301 putavit,
459 2251 604 2304 quae
621 2252 723 2290 nos
746 2238 1095 2305 appellamus
1118 2239 1290 2292 etiam
1310 2241 1475 2294 bona.
1550 2237 1701 2299 Quid
1720 2241 1809 2289 est

197 2304 674 2427 ἱὲξὲξεοῖῗὲἑῗὲ
692 2306 922 2428 iffi?
962 2307 1203 2430 '53¹²ssssss
1220 2305 1809 2430 fi{}?”³‡¹053⁰.3?0?t233

683 2428 696 2444 ι
918 2411 935 2440 9
1352 2410 1370 2439 2
1788 2409 1808 2436 9

197 2449 285 2504 et,
324 2443 472 2511 quod
500 2449 719 2497 rectum
747 2450 806 2497 et
823 2443 1120 2498 honestum
1138 2452 1197 2498 et
1216 2459 1344 2498 cum
1362 2444 1573 2496 virtute
1596 2449 1709 2505 est,
1747 2441 1808 2494 id

199 2509 379 2562 solum
419 2510 620 2578 opinor
647 2512 858 2566 bonnm.
927 2513 998 2566 11.
1037 2512 1124 2569 10.
1162 2513 1274 2566 Sed
1304 2512 1447 2566 haec
1474 2510 1651 2564 videri
1680 2525 1808 2579 pos-

199 2586 330 2632 mut
353 2581 708 2644 obscuriora,
727 2597 892 2649 quum
912 2582 1119 2636 lentius
1140 2581 1515 2649 disputantur.
1568 2579 1705 2634 Vita
1723 2586 1814 2633 at-

201 2663 312 2717 que
330 2647 496 2705 factis
515 2649 852 2714 illustranda
868 2658 1010 2719 sunt,
1023 2665 1366 2708 summorum
1384 2651 1629 2706 virorum
1650 2649 1810 2704 haec,
