2087 2914
457 180 570 234 DE
605 181 1119 238 SENECTUTE
1158 181 1324 240 CAP.
1360 181 1444 238 14.
1482 180 1567 237 15.
1734 181 1811 238 21

212 283 366 352 quod
386 285 632 352 accepit:
677 285 771 339 sed
803 287 944 340 alias
973 287 1213 352 minore,
1254 287 1577 355 plerumque
1596 285 1810 340 maiore

211 367 339 407 cum
362 353 572 406 fenore.
615 357 954 424 Quamquam
976 371 1065 409 me
1087 357 1308 424 quidem
1329 371 1440 408 non
1461 355 1671 408 fructus
1694 369 1815 406 mo-

211 422 319 483 do,
365 422 465 474 sed
496 424 663 475 etiam
689 426 866 492 ipsius
897 436 1081 478 terrae
1110 427 1194 478 vis
1229 442 1297 478 ac
1327 431 1527 478 natum
1546 425 1815 478 delectat:

212 505 363 560 quae
397 507 561 558 quum
592 495 806 562 gremio
835 495 1057 547 mollito
1087 510 1153 548 ac
1180 495 1413 547 subacto
1444 509 1631 546 semen
1662 505 1815 560 spar-

211 573 338 612 sum
359 561 594 628 excepit,
613 563 852 629 primum
876 563 937 615 id
963 568 1318 618 occaecatum
1340 562 1591 628 cohibet3
1614 577 1683 614 ex
1705 573 1815 627 quo

213 627 447 694 occatio,
468 645 608 696 quae
627 631 737 684 hoc
760 631 945 696 eflicit,
985 633 1268 684 nominata
1292 639 1401 684 est:
1448 631 1645 686 deinde
1666 636 1817 696 tepe-

212 693 426 751 faciani
456 713 663 766 vapore
691 707 748 753 et
772 709 1093 770 compressu
1122 717 1223 754 suo
1248 700 1532 766 diffundit,
1576 706 1635 756 et
1661 698 1819 752 elicit

211 765 630 820 herbescentem
659 785 728 822 ex
769 785 837 822 eo
868 771 1241 824 viriditatem:
1286 785 1452 839 quae,
1493 769 1629 824 nixa
1660 767 1817 820 fibris

212 836 492 904 stirpium,
535 838 737 891 sensim
761 839 1054 902 adolescit,
1078 839 1258 891 culmo
1298 856 1369 892 ue
1393 845 1577 892 erecta
1597 837 1821 908 genicu-

214 905 368 968 lato,
405 905 622 974 vaginis
641 909 755 960 iam
777 909 940 975 quusi
957 909 1261 974 pubescens
1308 909 1612 972 ncluditur3
1656 924 1687 959 e
1708 903 1825 972 qui-

157 1037 165 1045 ·
214 973 322 1027 hus
345 988 508 1041 quum
531 977 788 1040 emersit,
830 975 1014 1028 fundit
1033 977 1251 1044 frugem
1272 975 1429 1044 spici,
1468 976 1661 1029 ordine
1680 979 1842 1026 utrm·

216 1048 387 1104 ctam,
411 1049 468 1095 et
490 1047 682 1098 contra
705 1045 890 1097 avium
911 1046 1189 1097 minorum
1213 1060 1429 1096 morsus
1447 1045 1691 1096 munitur
1709 1040 1827 1094 val-

213 1110 276 1164 lo
297 1113 616 1167 arIstarum.
689 1114 772 1167 52.
813 1115 960 1176 Quid
985 1131 1088 1184 ego
1110 1114 1311 1172 vitium
1332 1123 1506 1176 satus,
1536 1118 1712 1174 ortus,
1742 1110 1827 1162 in-

215 1187 500 1234 crementa
541 1183 998 1236 commemorem?
1054 1182 1263 1236 satiari
1304 1182 1675 1236 delectatione
1712 1193 1826 1232 non

213 1263 472 1318 possum3
511 1255 576 1304 ut
607 1267 765 1306 meae
795 1253 1094 1306 senectutis
1122 1252 1428 1320 requietem
1456 1253 1831 1304 oblectamen·-

213 1325 388 1388 taque
431 1321 696 1374 noscatis.
768 1322 980 1390 Omitto
1024 1322 1171 1374 enim
1208 1323 1324 1373 vim
1359 1322 1539 1389 ipsam
1570 1318 1828 1378 omnium,

216 1403 361 1456 quae
389 1396 727 1456 generantur
757 1407 788 1442 e
807 1397 986 1443 terra:
1031 1404 1173 1459 quae
1204 1406 1273 1442 ex
1294 1390 1389 1442 fici
1406 1389 1629 1442 tantulo
1652 1401 1829 1456 grano

217 1463 317 1511 aut
336 1474 407 1511 ex
427 1460 589 1511 acino
608 1461 836 1513 vinaceo
859 1467 954 1513 aut
975 1474 1045 1514 ex
1068 1467 1375 1513 ceterarum
1394 1460 1615 1527 frugum
1628 1474 1693 1510 ac
1702 1456 1833 1508 stir-

215 1528 372 1597 pium
393 1528 786 1594 minutissimis
817 1531 1121 1583 seminibus
1146 1534 1339 1581 tantos
1371 1533 1594 1580 truncos
1622 1540 1832 1578 ramos·

219 1612 326 1665 que
341 1604 626 1665 procreat:
667 1598 937 1662 malleoli,
971 1600 1215 1665 plantae,
1248 1602 1547 1659 sarmenta,
1568 1594 1833 1647 viviradi-

219 1682 332 1728 ces,
372 1667 724 1735 propagines,
761 1682 942 1721 nonne
964 1683 1030 1719 ea
1052 1666 1311 1729 efficiunt,
1346 1672 1414 1717 ut
1436 1664 1683 1732 quemvis
1707 1676 1831 1713 cum

217 1734 589 1789 admiratione
621 1737 934 1790 delectent}
975 1734 1127 1789 Vitis
1166 1735 1415 1805 quidem,
1457 1749 1597 1802 quac
1628 1737 1834 1783 natura

219 1804 432 1857 maduca
451 1810 566 1869 est,
607 1811 692 1869 et,
732 1807 841 1859 nisi
861 1806 1010 1858 fulta
1031 1804 1135 1869 sit,
1178 1805 1251 1857 ad
1269 1810 1479 1857 terram
1502 1804 1699 1864 fertur,
1742 1814 1831 1851 ea·

217 1872 376 1935 dem,
413 1880 480 1927 ut
515 1890 576 1927 se
605 1877 815 1943 erigat,
862 1875 1161 1927 claviculis·
1190 1874 1332 1935 suis,
1370 1872 1529 1939 quasi
1557 1869 1832 1929 manibus,

218 1942 494 2011 quidquid
531 1950 617 1996 est
637 1951 828 2007 nacta,
873 1942 1289 2009 complectitur:
1330 1954 1491 2006 quam
1516 1941 1832 2005 serpentem

213 2012 523 2080 multiplici
542 2013 706 2081 lapsu
727 2018 784 2067 et
805 2013 1064 2075 erratico,
1097 2008 1251 2063 ferro
1276 2015 1584 2077 amputans,
1609 2010 1831 2060 coercet

214 2096 310 2133 ars
342 2082 742 2151 agricolarum,
777 2099 847 2135 ne
878 2082 1143 2135 silvescat
1164 2078 1459 2133 sai-inentis
1481 2079 1615 2131 etin
1638 2090 1828 2129 omnes

213 2156 410 2217 partes
439 2152 615 2203 nimia
645 2152 929 2205 fundatur.
999 2150 1086 2203 53.
1122 2152 1313 2217 Itaque
1340 2150 1565 2203 ineunte
1597 2162 1727 2199 vere
1769 2144 1831 2195 in

213 2218 318 2283 iis,
333 2236 482 2289 ‘quae
501 2221 705 2275 relicta
723 2228 880 2283 sunt,
912 2220 1139 2273 exsistit
1159 2224 1443 2285 tamquam
1463 2218 1537 2269 ad
1559 2213 1827 2269 articulos

214 2296 622 2343 sarmentorum
653 2294 748 2353 e‘a,
785 2305 925 2359 quae
947 2302 1169 2356 gemma
1186 2287 1415 2339 dicitur:
1460 2302 1495 2337 n
1516 2298 1623 2352 qua
1645 2282 1831 2333 oriens

213 2373 326 2411 uva
348 2372 472 2412 sese
496 2360 766 2411 ostendit:
801 2375 960 2426 quae,
983 2364 1042 2409 et
1060 2371 1223 2409 succo
1246 2362 1433 2408 terrae
1454 2360 1511 2405 et
1532 2353 1722 2403 calore
1743 2364 1829 2400 so·

212 2426 288 2480 lis
309 2442 645 2496 augescens,
684 2428 865 2495 primo
899 2432 984 2481 est
1012 2424 1313 2493 peracerba
1334 2427 1585 2491 gustatu,
1628 2418 1829 2471 deinde

211 2502 508 2549 maturata
545 2496 842 2563 dulcescit3
881 2496 1197 2561 vestitaque
1234 2491 1535 2559 pampinis,
1572 2502 1675 2540 nec
1708 2502 1829 2553 mo·-

213 2564 346 2619 dico
373 2572 572 2633 tepore
611 2571 794 2630 caret,
835 2572 892 2619 et
919 2566 1121 2617 nimios
1152 2562 1291 2613 solis
1314 2558 1562 2613 defendit
1582 2556 1827 2609 ardores.

211 2636 345 2698 Qua
373 2635 508 2703 quid
539 2641 728 2701 potest
758 2650 879 2687 esse
909 2648 1080 2701 quum
1111 2631 1295 2682 fructu
1322 2628 1553 2690 lae-tius,
1588 2631 1706 2677 tum
1736 2622 1831 2672 ael-

206 2710 417 2773 spectu
447 2702 767 2774 pulchrius}
809 2704 978 2760 Cuius
1009 2700 1232 2771 quidem
1261 2714 1373 2756 non
1390 2696 1611 2753 utilitas
1632 2706 1722 2745 me
1744 2704 1831 2741 su·
