<?xml version="1.0" encoding="UTF-8"?>
<!DOCTYPE html PUBLIC "-//W3C//DTD XHTML 1.0 Transitional//EN"
    "http://www.w3.org/TR/xhtml1/DTD/xhtml1-transitional.dtd">
<html xmlns="http://www.w3.org/1999/xhtml" xml:lang="en" lang="en">
 <head>
  <title>
</title>
<meta http-equiv="Content-Type" content="text/html;charset=utf-8" />
  <meta name='ocr-system' content='tesseract 3.04.00' />
  <meta name='ocr-capabilities' content='ocr_page ocr_carea ocr_par ocr_line ocrx_word'/>
</head>
<body>
  <div class='ocr_page' id='page_1' title='image "./mtciceroniscato00unkngoog_0072.png"; bbox 0 0 2087 2914; ppageno 0'>
   <div class='ocr_carea' id='block_1_1' title="bbox 1027 0 1035 25">
    <p class='ocr_par' dir='ltr' id='par_1_1' title="bbox 1027 0 1035 25">
     <span class='ocr_line' id='line_1_1' title="bbox 1027 0 1035 25; baseline 0 0"><span class='ocrx_word' id='word_1_1' title='bbox 1027 0 1035 25; x_wconf 80' lang='grc'><strong><em>1</em></strong></span> 
     </span>
    </p>
   </div>
   <div class='ocr_carea' id='block_1_2' title="bbox 293 136 1283 196">
    <p class='ocr_par' dir='ltr' id='par_1_2' title="bbox 293 136 1283 196">
     <span class='ocr_line' id='line_1_2' title="bbox 293 136 1283 196; baseline -0.006 -1"><span class='ocrx_word' id='word_1_2' title='bbox 293 142 364 195; x_wconf 79' lang='grc'>64</span> <span class='ocrx_word' id='word_1_3' title='bbox 815 140 818 147; x_wconf 84' lang='grc'><strong>“</strong></span> <span class='ocrx_word' id='word_1_4' title='bbox 914 136 1283 196; x_wconf 76' lang='lat' dir='ltr'><strong>LAELIUS</strong></span> 
     </span>
    </p>
   </div>
   <div class='ocr_carea' id='block_1_3' title="bbox 232 238 1911 1347">
    <p class='ocr_par' dir='ltr' id='par_1_3' title="bbox 232 238 1911 1347">
     <span class='ocr_line' id='line_1_3' title="bbox 297 238 1895 313; baseline -0.002 -19"><span class='ocrx_word' id='word_1_5' title='bbox 297 240 622 313; x_wconf 80' lang='lat' dir='ltr'>quibusdam</span> <span class='ocrx_word' id='word_1_6' title='bbox 649 240 1006 294; x_wconf 75' lang='lat' dir='ltr'><strong>admirabilia</strong></span> <span class='ocrx_word' id='word_1_7' title='bbox 1025 240 1301 303; x_wconf 71' lang='lat' dir='ltr'>videntur,</span> <span class='ocrx_word' id='word_1_8' title='bbox 1348 238 1612 307; x_wconf 87' lang='lat' dir='ltr'>permulti</span> <span class='ocrx_word' id='word_1_9' title='bbox 1630 244 1774 301; x_wconf 83' lang='lat' dir='ltr'>sunt,</span> <span class='ocrx_word' id='word_1_10' title='bbox 1804 238 1895 307; x_wconf 82' lang='lat' dir='ltr'>qui</span> 
     </span>
     <span class='ocr_line' id='line_1_4' title="bbox 298 309 1911 381; baseline -0.002 -18"><span class='ocrx_word' id='word_1_11' title='bbox 298 327 400 381; x_wconf 84' lang='lat' dir='ltr'>pro</span> <span class='ocrx_word' id='word_1_12' title='bbox 427 310 605 362; x_wconf 80' lang='lat' dir='ltr'>nibilo-</span> <span class='ocrx_word' id='word_1_13' title='bbox 623 316 836 377; x_wconf 80' lang='lat' dir='ltr'>putent.</span> <span class='ocrx_word' id='word_1_14' title='bbox 872 311 958 363; x_wconf 90' lang='lat' dir='ltr'>De</span> <span class='ocrx_word' id='word_1_15' title='bbox 981 311 1229 363; x_wconf 88' lang='lat' dir='ltr'>amicitia</span> <span class='ocrx_word' id='word_1_16' title='bbox 1252 324 1443 361; x_wconf 84' lang='lat' dir='ltr'>omnes</span> <span class='ocrx_word' id='word_1_17' title='bbox 1468 309 1537 362; x_wconf 87' lang='lat' dir='ltr'>ad</span> <span class='ocrx_word' id='word_1_18' title='bbox 1563 324 1728 359; x_wconf 91' lang='lat' dir='ltr'>unum</span> <span class='ocrx_word' id='word_1_19' title='bbox 1749 309 1911 360; x_wconf 54' lang='lat' dir='ltr'>iden}</span> 
     </span>
     <span class='ocr_line' id='line_1_5' title="bbox 295 378 1900 446; baseline -0.004 -13"><span class='ocrx_word' id='word_1_20' title='bbox 295 380 566 442; x_wconf 80' lang='lat' dir='ltr'>sentiunt,</span> <span class='ocrx_word' id='word_1_21' title='bbox 609 386 667 433; x_wconf 86' lang='lat' dir='ltr'>et</span> <span class='ocrx_word' id='word_1_22' title='bbox 691 381 754 441; x_wconf 91' lang='lat' dir='ltr'>ii,</span> <span class='ocrx_word' id='word_1_23' title='bbox 797 381 893 446; x_wconf 85' lang='lat' dir='ltr'>qui</span> <span class='ocrx_word' id='word_1_24' title='bbox 923 380 994 431; x_wconf 86' lang='lat' dir='ltr'>ad</span> <span class='ocrx_word' id='word_1_25' title='bbox 1013 379 1412 446; x_wconf 82' lang='lat' dir='ltr'><strong>rempublicam</strong></span> <span class='ocrx_word' id='word_1_26' title='bbox 1444 396 1507 431; x_wconf 87' lang='lat' dir='ltr'>se</span> <span class='ocrx_word' id='word_1_27' title='bbox 1530 378 1900 441; x_wconf 85' lang='lat' dir='ltr'>contulerunt,</span> 
     </span>
     <span class='ocr_line' id='line_1_6' title="bbox 297 448 1901 517; baseline -0.003 -15"><span class='ocrx_word' id='word_1_28' title='bbox 297 450 432 511; x_wconf 79' lang='lat' dir='ltr'>etii,</span> <span class='ocrx_word' id='word_1_29' title='bbox 484 450 577 515; x_wconf 77' lang='lat' dir='ltr'>qui</span> <span class='ocrx_word' id='word_1_30' title='bbox 599 464 781 500; x_wconf 87' lang='lat' dir='ltr'>rerum</span> <span class='ocrx_word' id='word_1_31' title='bbox 807 450 1125 513; x_wconf 76' lang='lat' dir='ltr'>cognitione</span> <span class='ocrx_word' id='word_1_32' title='bbox 1150 448 1513 517; x_wconf 80' lang='lat' dir='ltr'><strong>doctrinaque</strong></span> <span class='ocrx_word' id='word_1_33' title='bbox 1535 448 1901 510; x_wconf 85' lang='lat' dir='ltr'>delectantur,</span> 
     </span>
     <span class='ocr_line' id='line_1_7' title="bbox 299 516 1901 585; baseline -0.004 -14"><span class='ocrx_word' id='word_1_34' title='bbox 299 520 434 582; x_wconf 78' lang='lat' dir='ltr'>etii,</span> <span class='ocrx_word' id='word_1_35' title='bbox 468 518 565 585; x_wconf 82' lang='lat' dir='ltr'>qui</span> <span class='ocrx_word' id='word_1_36' title='bbox 587 532 748 567; x_wconf 84' lang='lat' dir='ltr'>snum</span> <span class='ocrx_word' id='word_1_37' title='bbox 767 518 1054 584; x_wconf 76' lang='lat' dir='ltr'>neg-otium</span> <span class='ocrx_word' id='word_1_38' title='bbox 1074 516 1271 585; x_wconf 77' lang='lat' dir='ltr'>g&#39;erunt</span> <span class='ocrx_word' id='word_1_39' title='bbox 1292 518 1491 569; x_wconf 80' lang='lat' dir='ltr'>otiosi:</span> <span class='ocrx_word' id='word_1_40' title='bbox 1535 523 1819 583; x_wconf 85' lang='lat' dir='ltr'>postremo</span> <span class='ocrx_word' id='word_1_41' title='bbox 1840 516 1901 577; x_wconf 89' lang='lat' dir='ltr'>ii,</span> 
     </span>
     <span class='ocr_line' id='line_1_8' title="bbox 298 586 1903 655; baseline -0.001 -17"><span class='ocrx_word' id='word_1_42' title='bbox 298 588 391 655; x_wconf 85' lang='lat' dir='ltr'>qui</span> <span class='ocrx_word' id='word_1_43' title='bbox 413 602 472 637; x_wconf 88' lang='lat' dir='ltr'>se</span> <span class='ocrx_word' id='word_1_44' title='bbox 493 591 644 637; x_wconf 82' lang='lat' dir='ltr'>totos</span> <span class='ocrx_word' id='word_1_45' title='bbox 668 586 1020 637; x_wconf 83' lang='lat' dir='ltr'>tradiderunt</span> <span class='ocrx_word' id='word_1_46' title='bbox 1050 587 1461 652; x_wconf 76' lang='lat' dir='ltr'>voluptatibus,</span> <span class='ocrx_word' id='word_1_47' title='bbox 1506 588 1626 639; x_wconf 88' lang='lat' dir='ltr'>sine</span> <span class='ocrx_word' id='word_1_48' title='bbox 1650 586 1903 639; x_wconf 87' lang='lat' dir='ltr'>amicitia</span> 
     </span>
     <span class='ocr_line' id='line_1_9' title="bbox 296 654 1901 721; baseline -0.001 -13"><span class='ocrx_word' id='word_1_49' title='bbox 296 658 468 707; x_wconf 70' lang='lat' dir='ltr'>vitam</span> <span class='ocrx_word' id='word_1_50' title='bbox 497 669 618 706; x_wconf 85' lang='lat' dir='ltr'>esse</span> <span class='ocrx_word' id='word_1_51' title='bbox 642 655 850 705; x_wconf 86' lang='lat' dir='ltr'>nullam</span> <span class='ocrx_word' id='word_1_52' title='bbox 873 656 1137 717; x_wconf 86' lang='lat' dir='ltr'>sentiunt,</span> <span class='ocrx_word' id='word_1_53' title='bbox 1167 656 1215 705; x_wconf 82' lang='lat' dir='ltr'>si</span> <span class='ocrx_word' id='word_1_54' title='bbox 1239 667 1291 705; x_wconf 85' lang='lat' dir='ltr'>m</span> <span class='ocrx_word' id='word_1_55' title='bbox 1306 654 1405 705; x_wconf 67' lang='lat' dir='ltr'>ido</span> <span class='ocrx_word' id='word_1_56' title='bbox 1426 656 1602 708; x_wconf 77' lang='lat' dir='ltr'>velint</span> <span class='ocrx_word' id='word_1_57' title='bbox 1626 656 1813 721; x_wconf 81' lang='lat' dir='ltr'>aliqua</span> <span class='ocrx_word' id='word_1_58' title='bbox 1830 670 1901 707; x_wconf 85' lang='lat' dir='ltr'>ex</span> 
     </span>
     <span class='ocr_line' id='line_1_10' title="bbox 293 722 1907 792; baseline -0.001 -16"><span class='ocrx_word' id='word_1_59' title='bbox 293 731 458 792; x_wconf 86' lang='lat' dir='ltr'>parte</span> <span class='ocrx_word' id='word_1_60' title='bbox 496 723 812 775; x_wconf 77' lang='lat' dir='ltr'>liberaliter</span> <span class='ocrx_word' id='word_1_61' title='bbox 849 725 1055 776; x_wconf 79' lang='lat' dir='ltr'>vivere.</span> <span class='ocrx_word' id='word_1_62' title='bbox 1139 725 1223 776; x_wconf 85' lang='lat'>87.</span> <span class='ocrx_word' id='word_1_63' title='bbox 1273 722 1459 790; x_wconf 83' lang='lat' dir='ltr'>Serpit</span> <span class='ocrx_word' id='word_1_64' title='bbox 1498 724 1640 776; x_wconf 87' lang='lat' dir='ltr'>enim</span> <span class='ocrx_word' id='word_1_65' title='bbox 1656 761 1671 786; x_wconf 94' lang='lat'><strong><em>‚</em></strong></span> <span class='ocrx_word' id='word_1_66' title='bbox 1712 724 1907 775; x_wconf 86' lang='lat' dir='ltr'>neseio‘</span> 
     </span>
     <span class='ocr_line' id='line_1_11' title="bbox 294 791 1903 861; baseline 0.001 -18"><span class='ocrx_word' id='word_1_67' title='bbox 294 791 590 861; x_wconf 82' lang='lat' dir='ltr'>quomodo,</span> <span class='ocrx_word' id='word_1_68' title='bbox 633 808 736 859; x_wconf 83' lang='lat' dir='ltr'>per</span> <span class='ocrx_word' id='word_1_69' title='bbox 757 794 1002 843; x_wconf 75' lang='lat' dir='ltr'>omnium</span> <span class='ocrx_word' id='word_1_70' title='bbox 1024 795 1171 845; x_wconf 79' lang='lat' dir='ltr'>vitas</span> <span class='ocrx_word' id='word_1_71' title='bbox 1196 794 1459 856; x_wconf 79' lang='lat' dir='ltr'>amicitia,</span> <span class='ocrx_word' id='word_1_72' title='bbox 1492 808 1593 845; x_wconf 88' lang='lat' dir='ltr'>nec</span> <span class='ocrx_word' id='word_1_73' title='bbox 1612 793 1788 844; x_wconf 86' lang='lat' dir='ltr'>ullam</span> <span class='ocrx_word' id='word_1_74' title='bbox 1810 808 1903 845; x_wconf 89' lang='lat' dir='ltr'>ae-</span> 
     </span>
     <span class='ocr_line' id='line_1_12' title="bbox 293 860 1900 931; baseline 0.001 -18"><span class='ocrx_word' id='word_1_75' title='bbox 293 863 433 914; x_wconf 82' lang='lat' dir='ltr'>tatis</span> <span class='ocrx_word' id='word_1_76' title='bbox 463 860 747 930; x_wconf 77' lang='lat' dir='ltr'>degendae</span> <span class='ocrx_word' id='word_1_77' title='bbox 779 864 1057 914; x_wconf 87' lang='lat' dir='ltr'>rationem</span> <span class='ocrx_word' id='word_1_78' title='bbox 1088 864 1305 929; x_wconf 84' lang='lat' dir='ltr'>patitur</span> <span class='ocrx_word' id='word_1_79' title='bbox 1332 878 1453 915; x_wconf 78' lang='lat' dir='ltr'>esse</span> <span class='ocrx_word' id='word_1_80' title='bbox 1484 870 1771 931; x_wconf 84' lang='lat' dir='ltr'>expertem</span> <span class='ocrx_word' id='word_1_81' title='bbox 1794 863 1900 914; x_wconf 84' lang='lat' dir='ltr'>sui.</span> 
     </span>
     <span class='ocr_line' id='line_1_13' title="bbox 232 932 1903 999; baseline 0.002 -18"><span class='ocrx_word' id='word_1_82' title='bbox 232 935 240 952; x_wconf 90' lang='lat'>¹</span> <span class='ocrx_word' id='word_1_83' title='bbox 299 932 445 993; x_wconf 73' lang='lat' dir='ltr'>Quin</span> <span class='ocrx_word' id='word_1_84' title='bbox 475 933 644 983; x_wconf 86' lang='lat' dir='ltr'>etiam</span> <span class='ocrx_word' id='word_1_85' title='bbox 675 933 726 982; x_wconf 85' lang='lat' dir='ltr'>si</span> <span class='ocrx_word' id='word_1_86' title='bbox 757 933 878 999; x_wconf 79' lang='lat' dir='ltr'>quis</span> <span class='ocrx_word' id='word_1_87' title='bbox 911 946 980 984; x_wconf 81' lang='lat' dir='ltr'>ea</span> <span class='ocrx_word' id='word_1_88' title='bbox 1013 933 1319 999; x_wconf 76' lang='lat' dir='ltr'>asperitate</span> <span class='ocrx_word' id='word_1_89' title='bbox 1352 938 1440 983; x_wconf 85' lang='lat' dir='ltr'>est</span> <span class='ocrx_word' id='word_1_90' title='bbox 1470 938 1526 984; x_wconf 90' lang='lat' dir='ltr'>et</span> <span class='ocrx_word' id='word_1_91' title='bbox 1550 932 1903 985; x_wconf 78' lang='lat' dir='ltr'>immanitate</span> 
     </span>
     <span class='ocr_line' id='line_1_14' title="bbox 295 1000 1905 1069; baseline 0.001 -17"><span class='ocrx_word' id='word_1_92' title='bbox 295 1007 545 1063; x_wconf 87' lang='lat' dir='ltr'>naturae,</span> <span class='ocrx_word' id='word_1_93' title='bbox 569 1016 895 1068; x_wconf 83' lang='lat' dir='ltr'>congressus</span> <span class='ocrx_word' id='word_1_94' title='bbox 919 1009 983 1053; x_wconf 88' lang='lat' dir='ltr'>ut</span> <span class='ocrx_word' id='word_1_95' title='bbox 1001 1000 1285 1053; x_wconf 84' lang='lat' dir='ltr'>bominum</span> <span class='ocrx_word' id='word_1_96' title='bbox 1308 1001 1487 1068; x_wconf 82' lang='lat' dir='ltr'>fugiat</span> <span class='ocrx_word' id='word_1_97' title='bbox 1510 1009 1675 1069; x_wconf 85' lang='lat' dir='ltr'>atque</span> <span class='ocrx_word' id='word_1_98' title='bbox 1700 1002 1905 1064; x_wconf 80' lang='lat' dir='ltr'>oderit,</span> 
     </span>
     <span class='ocr_line' id='line_1_15' title="bbox 301 1069 1903 1138; baseline 0.001 -17"><span class='ocrx_word' id='word_1_99' title='bbox 301 1070 522 1138; x_wconf 87' lang='lat' dir='ltr'>qualem</span> <span class='ocrx_word' id='word_1_100' title='bbox 556 1071 728 1121; x_wconf 74' lang='lat' dir='ltr'>fuisse</span> <span class='ocrx_word' id='word_1_101' title='bbox 759 1069 986 1122; x_wconf 78' lang='lat' dir='ltr'>Athenis</span> <span class='ocrx_word' id='word_1_102' title='bbox 1017 1072 1309 1123; x_wconf 85' lang='lat' dir='ltr'>Timonem</span> <span class='ocrx_word' id='word_1_103' title='bbox 1336 1071 1525 1125; x_wconf 84' lang='lat' dir='ltr'>nescio</span> <span class='ocrx_word' id='word_1_104' title='bbox 1554 1086 1717 1138; x_wconf 87' lang='lat' dir='ltr'>quem</span> <span class='ocrx_word' id='word_1_105' title='bbox 1747 1086 1903 1123; x_wconf 86' lang='lat' dir='ltr'>acce·</span> 
     </span>
     <span class='ocr_line' id='line_1_16' title="bbox 295 1140 1903 1207; baseline 0.001 -18"><span class='ocrx_word' id='word_1_106' title='bbox 295 1140 505 1206; x_wconf 83' lang='lat' dir='ltr'>pimus3</span> <span class='ocrx_word' id='word_1_107' title='bbox 529 1146 717 1189; x_wconf 89' lang='lat' dir='ltr'>tamen</span> <span class='ocrx_word' id='word_1_108' title='bbox 735 1140 786 1188; x_wconf 87' lang='lat' dir='ltr'>is</span> <span class='ocrx_word' id='word_1_109' title='bbox 808 1140 926 1205; x_wconf 86' lang='lat' dir='ltr'>pati</span> <span class='ocrx_word' id='word_1_110' title='bbox 949 1154 1059 1191; x_wconf 86' lang='lat' dir='ltr'>non</span> <span class='ocrx_word' id='word_1_111' title='bbox 1081 1141 1277 1206; x_wconf 78' lang='lat' dir='ltr'>possit,</span> <span class='ocrx_word' id='word_1_112' title='bbox 1299 1146 1361 1190; x_wconf 91' lang='lat' dir='ltr'>ut</span> <span class='ocrx_word' id='word_1_113' title='bbox 1385 1154 1493 1190; x_wconf 88' lang='lat' dir='ltr'>non</span> <span class='ocrx_word' id='word_1_114' title='bbox 1521 1143 1778 1207; x_wconf 80' lang='lat' dir='ltr'>anquirat</span> <span class='ocrx_word' id='word_1_115' title='bbox 1800 1140 1903 1191; x_wconf 88' lang='lat' dir='ltr'>ali·</span> 
     </span>
     <span class='ocr_line' id='line_1_17' title="bbox 295 1208 1905 1275; baseline 0.002 -17"><span class='ocrx_word' id='word_1_116' title='bbox 295 1222 476 1275; x_wconf 80' lang='lat' dir='ltr'>quem,</span> <span class='ocrx_word' id='word_1_117' title='bbox 501 1208 647 1274; x_wconf 85' lang='lat' dir='ltr'>apud</span> <span class='ocrx_word' id='word_1_118' title='bbox 673 1222 834 1273; x_wconf 89' lang='lat' dir='ltr'>quem</span> <span class='ocrx_word' id='word_1_119' title='bbox 859 1215 1081 1259; x_wconf 77' lang='lat' dir='ltr'>evomat</span> <span class='ocrx_word' id='word_1_120' title='bbox 1098 1210 1255 1259; x_wconf 76' lang='lat' dir='ltr'>virus</span> <span class='ocrx_word' id='word_1_121' title='bbox 1276 1210 1603 1261; x_wconf 84' lang='lat' dir='ltr'>acerbitati-s</span> <span class='ocrx_word' id='word_1_122' title='bbox 1622 1226 1773 1261; x_wconf 86' lang='lat' dir='ltr'>suae.</span> <span class='ocrx_word' id='word_1_123' title='bbox 1810 1211 1905 1261; x_wconf 80' lang='lat' dir='ltr'>At-</span> 
     </span>
     <span class='ocr_line' id='line_1_18' title="bbox 294 1276 1904 1347; baseline 0.001 -19"><span class='ocrx_word' id='word_1_124' title='bbox 294 1291 400 1344; x_wconf 87' lang='lat' dir='ltr'>que</span> <span class='ocrx_word' id='word_1_125' title='bbox 422 1276 528 1328; x_wconf 84' lang='lat' dir='ltr'>hoc</span> <span class='ocrx_word' id='word_1_126' title='bbox 546 1278 786 1329; x_wconf 80' lang='lat' dir='ltr'>maxime</span> <span class='ocrx_word' id='word_1_127' title='bbox 806 1278 1163 1340; x_wconf 87' lang='lat' dir='ltr'>iudicaretur,</span> <span class='ocrx_word' id='word_1_128' title='bbox 1206 1278 1408 1347; x_wconf 87' lang='lat' dir='ltr'>siquid</span> <span class='ocrx_word' id='word_1_129' title='bbox 1427 1279 1541 1330; x_wconf 86' lang='lat' dir='ltr'>tale</span> <span class='ocrx_word' id='word_1_130' title='bbox 1562 1285 1753 1346; x_wconf 85' lang='lat' dir='ltr'>posset</span> <span class='ocrx_word' id='word_1_131' title='bbox 1774 1293 1904 1330; x_wconf 85' lang='lat' dir='ltr'>con·</span> 
     </span>
    </p>
   </div>
   <div class='ocr_carea' id='block_1_4' title="bbox 199 1345 1905 1412">
    <p class='ocr_par' dir='ltr' id='par_1_4' title="bbox 199 1345 1905 1412">
     <span class='ocr_line' id='line_1_19' title="bbox 199 1345 1905 1412; baseline 0.002 -16"><span class='ocrx_word' id='word_1_132' title='bbox 199 1370 203 1375; x_wconf 96' lang='lat'>·</span> <span class='ocrx_word' id='word_1_133' title='bbox 292 1347 537 1412; x_wconf 79' lang='lat' dir='ltr'>tingere,</span> <span class='ocrx_word' id='word_1_134' title='bbox 578 1351 641 1396; x_wconf 90' lang='lat' dir='ltr'>ut</span> <span class='ocrx_word' id='word_1_135' title='bbox 671 1346 871 1411; x_wconf 84' lang='lat' dir='ltr'>aliquis</span> <span class='ocrx_word' id='word_1_136' title='bbox 911 1362 1011 1398; x_wconf 91' lang='lat' dir='ltr'>nos</span> <span class='ocrx_word' id='word_1_137' title='bbox 1040 1347 1195 1398; x_wconf 85' lang='lat' dir='ltr'>Deus</span> <span class='ocrx_word' id='word_1_138' title='bbox 1225 1362 1295 1399; x_wconf 85' lang='lat' dir='ltr'>ex</span> <span class='ocrx_word' id='word_1_139' title='bbox 1340 1345 1445 1399; x_wconf 87' lang='lat' dir='ltr'>bac</span> <span class='ocrx_word' id='word_1_140' title='bbox 1480 1346 1764 1399; x_wconf 82' lang='lat' dir='ltr'>hominum</span> <span class='ocrx_word' id='word_1_141' title='bbox 1794 1349 1905 1401; x_wconf 81' lang='lat' dir='ltr'>fre·</span> 
     </span>
    </p>
   </div>
   <div class='ocr_carea' id='block_1_5' title="bbox 293 1414 1902 1624">
    <p class='ocr_par' dir='ltr' id='par_1_5' title="bbox 293 1414 1902 1624">
     <span class='ocr_line' id='line_1_20' title="bbox 295 1414 1900 1484; baseline 0.002 -17"><span class='ocrx_word' id='word_1_142' title='bbox 295 1416 521 1483; x_wconf 86' lang='lat' dir='ltr'>quentia</span> <span class='ocrx_word' id='word_1_143' title='bbox 539 1415 766 1467; x_wconf 84' lang='lat' dir='ltr'>tolleret</span> <span class='ocrx_word' id='word_1_144' title='bbox 779 1422 836 1467; x_wconf 85' lang='lat' dir='ltr'>et</span> <span class='ocrx_word' id='word_1_145' title='bbox 854 1414 911 1466; x_wconf 89' lang='lat' dir='ltr'>in</span> <span class='ocrx_word' id='word_1_146' title='bbox 933 1416 1233 1468; x_wconf 81' lang='lat' dir='ltr'>solitudine</span> <span class='ocrx_word' id='word_1_147' title='bbox 1243 1418 1459 1484; x_wconf 81' lang='lat' dir='ltr'>uspiam</span> <span class='ocrx_word' id='word_1_148' title='bbox 1474 1418 1795 1481; x_wconf 86' lang='lat' dir='ltr'>collocaret,</span> <span class='ocrx_word' id='word_1_149' title='bbox 1820 1424 1900 1470; x_wconf 84' lang='lat' dir='ltr'>at·</span> 
     </span>
     <span class='ocr_line' id='line_1_21' title="bbox 295 1484 1902 1555; baseline 0.004 -21"><span class='ocrx_word' id='word_1_150' title='bbox 295 1501 399 1552; x_wconf 88' lang='lat' dir='ltr'>que</span> <span class='ocrx_word' id='word_1_151' title='bbox 420 1486 500 1537; x_wconf 88' lang='lat' dir='ltr'>ibi</span> <span class='ocrx_word' id='word_1_152' title='bbox 522 1484 882 1551; x_wconf 82' lang='lat' dir='ltr'>suppeditans</span> <span class='ocrx_word' id='word_1_153' title='bbox 905 1487 1146 1539; x_wconf 88' lang='lat' dir='ltr'>omnium</span> <span class='ocrx_word' id='word_1_154' title='bbox 1168 1502 1377 1550; x_wconf 87' lang='lat' dir='ltr'>rerum,</span> <span class='ocrx_word' id='word_1_155' title='bbox 1422 1502 1561 1555; x_wconf 86' lang='lat' dir='ltr'>quas</span> <span class='ocrx_word' id='word_1_156' title='bbox 1583 1495 1785 1540; x_wconf 87' lang='lat' dir='ltr'>natura</span> <span class='ocrx_word' id='word_1_157' title='bbox 1806 1489 1902 1541; x_wconf 89' lang='lat' dir='ltr'>de-</span> 
     </span>
     <span class='ocr_line' id='line_1_22' title="bbox 293 1554 1901 1624; baseline 0.002 -20"><span class='ocrx_word' id='word_1_158' title='bbox 293 1554 520 1617; x_wconf 82' lang='lat' dir='ltr'>siderat,</span> <span class='ocrx_word' id='word_1_159' title='bbox 541 1555 936 1606; x_wconf 84' lang='lat' dir='ltr'>abundantiam</span> <span class='ocrx_word' id='word_1_160' title='bbox 959 1561 1015 1606; x_wconf 88' lang='lat' dir='ltr'>et</span> <span class='ocrx_word' id='word_1_161' title='bbox 1037 1557 1273 1624; x_wconf 90' lang='lat' dir='ltr'>copiam,</span> <span class='ocrx_word' id='word_1_162' title='bbox 1297 1556 1535 1608; x_wconf 87' lang='lat' dir='ltr'>hominis</span> <span class='ocrx_word' id='word_1_163' title='bbox 1560 1557 1781 1609; x_wconf 87' lang='lat' dir='ltr'>omnino</span> <span class='ocrx_word' id='word_1_164' title='bbox 1804 1557 1901 1608; x_wconf 89' lang='lat' dir='ltr'>ad·</span> 
     </span>
    </p>
   </div>
   <div class='ocr_carea' id='block_1_6' title="bbox 195 1617 1905 1692">
    <p class='ocr_par' dir='ltr' id='par_1_6' title="bbox 195 1617 1905 1692">
     <span class='ocr_line' id='line_1_23' title="bbox 195 1617 1905 1692; baseline 0.004 -19"><span class='ocrx_word' id='word_1_165' title='bbox 195 1625 202 1630; x_wconf 73' lang='grc'><strong>“</strong></span> <span class='ocrx_word' id='word_1_166' title='bbox 295 1623 568 1689; x_wconf 88' lang='lat' dir='ltr'>spiciendi</span> <span class='ocrx_word' id='word_1_167' title='bbox 611 1630 944 1691; x_wconf 87' lang='lat' dir='ltr'>potestatem</span> <span class='ocrx_word' id='word_1_168' title='bbox 983 1627 1243 1692; x_wconf 85' lang='lat' dir='ltr'>eriperet.</span> <span class='ocrx_word' id='word_1_169' title='bbox 1315 1627 1400 1678; x_wconf 86' lang='grc'>88.</span> <span class='ocrx_word' id='word_1_170' title='bbox 1434 1626 1573 1691; x_wconf 75' lang='lat' dir='ltr'>Quis</span> <span class='ocrx_word' id='word_1_171' title='bbox 1601 1632 1719 1678; x_wconf 87' lang='lat' dir='ltr'>tam</span> <span class='ocrx_word' id='word_1_172' title='bbox 1741 1617 1905 1680; x_wconf 66' lang='lat' dir='ltr'>‘esset</span> 
     </span>
    </p>
   </div>
   <div class='ocr_carea' id='block_1_7' title="bbox 289 1691 1911 2737">
    <p class='ocr_par' dir='ltr' id='par_1_7' title="bbox 291 1691 1911 2458">
     <span class='ocr_line' id='line_1_24' title="bbox 293 1691 1903 1764; baseline 0.004 -22"><span class='ocrx_word' id='word_1_173' title='bbox 293 1691 535 1755; x_wconf 82' lang='lat' dir='ltr'>ferreus,</span> <span class='ocrx_word' id='word_1_174' title='bbox 577 1696 670 1761; x_wconf 85' lang='lat' dir='ltr'>qui</span> <span class='ocrx_word' id='word_1_175' title='bbox 692 1709 814 1746; x_wconf 84' lang='lat' dir='ltr'>eam</span> <span class='ocrx_word' id='word_1_176' title='bbox 837 1694 1008 1746; x_wconf 80' lang='lat' dir='ltr'>vitam</span> <span class='ocrx_word' id='word_1_177' title='bbox 1030 1697 1177 1749; x_wconf 83' lang='lat' dir='ltr'>ferre</span> <span class='ocrx_word' id='word_1_178' title='bbox 1198 1703 1414 1764; x_wconf 89' lang='lat' dir='ltr'>posset,</span> <span class='ocrx_word' id='word_1_179' title='bbox 1456 1698 1653 1764; x_wconf 86' lang='lat' dir='ltr'>cuique</span> <span class='ocrx_word' id='word_1_180' title='bbox 1672 1711 1784 1748; x_wconf 88' lang='lat' dir='ltr'>non</span> <span class='ocrx_word' id='word_1_181' title='bbox 1808 1711 1903 1748; x_wconf 89' lang='lat' dir='ltr'>au-</span> 
     </span>
     <span class='ocr_line' id='line_1_25' title="bbox 294 1759 1898 1830; baseline 0.003 -19"><span class='ocrx_word' id='word_1_182' title='bbox 294 1759 468 1812; x_wconf 79' lang='lat' dir='ltr'>ferret</span> <span class='ocrx_word' id='word_1_183' title='bbox 491 1761 732 1814; x_wconf 84' lang='lat' dir='ltr'>fructum</span> <span class='ocrx_word' id='word_1_184' title='bbox 744 1765 1099 1830; x_wconf 77' lang='lat' dir='ltr'>voluptatum</span> <span class='ocrx_word' id='word_1_185' title='bbox 1116 1766 1361 1816; x_wconf 88' lang='lat' dir='ltr'>omnium</span> <span class='ocrx_word' id='word_1_186' title='bbox 1385 1766 1669 1817; x_wconf 65' lang='lat' dir='ltr'>solitudo?</span> <span class='ocrx_word' id='word_1_187' title='bbox 1690 1765 1898 1818; x_wconf 87' lang='lat' dir='ltr'>Verum</span> 
     </span>
     <span class='ocr_line' id='line_1_26' title="bbox 294 1831 1904 1904; baseline 0.003 -23"><span class='ocrx_word' id='word_1_188' title='bbox 294 1845 428 1899; x_wconf 84' lang='lat' dir='ltr'>ergo</span> <span class='ocrx_word' id='word_1_189' title='bbox 449 1831 592 1882; x_wconf 90' lang='lat' dir='ltr'>illud</span> <span class='ocrx_word' id='word_1_190' title='bbox 617 1838 719 1896; x_wconf 87' lang='lat' dir='ltr'>est,</span> <span class='ocrx_word' id='word_1_191' title='bbox 743 1834 906 1898; x_wconf 88' lang='lat' dir='ltr'>quod,</span> <span class='ocrx_word' id='word_1_192' title='bbox 929 1848 963 1884; x_wconf 89' lang='lat' dir='ltr'>a</span> <span class='ocrx_word' id='word_1_193' title='bbox 981 1835 1287 1886; x_wconf 86' lang='lat' dir='ltr'>Tarentino</span> <span class='ocrx_word' id='word_1_194' title='bbox 1308 1832 1574 1904; x_wconf 85' lang='lat' dir='ltr'>Archyta,</span> <span class='ocrx_word' id='word_1_195' title='bbox 1596 1841 1659 1888; x_wconf 89' lang='lat' dir='ltr'>ut</span> <span class='ocrx_word' id='word_1_196' title='bbox 1681 1837 1904 1903; x_wconf 85' lang='lat' dir='ltr'>opinor,</span> 
     </span>
     <span class='ocr_line' id='line_1_27' title="bbox 293 1899 1905 1970; baseline 0.004 -20"><span class='ocrx_word' id='word_1_197' title='bbox 293 1899 404 1950; x_wconf 88' lang='lat' dir='ltr'>dici</span> <span class='ocrx_word' id='word_1_198' title='bbox 423 1901 677 1964; x_wconf 89' lang='lat' dir='ltr'>solitum,</span> <span class='ocrx_word' id='word_1_199' title='bbox 708 1910 932 1955; x_wconf 87' lang='lat' dir='ltr'>nostros</span> <span class='ocrx_word' id='word_1_200' title='bbox 955 1919 1115 1956; x_wconf 85' lang='lat' dir='ltr'>senes</span> <span class='ocrx_word' id='word_1_201' title='bbox 1134 1903 1569 1960; x_wconf 80' lang='lat' dir='ltr'>commemorare</span> <span class='ocrx_word' id='word_1_202' title='bbox 1589 1907 1801 1970; x_wconf 80' lang='lat' dir='ltr'>audivi,</span> <span class='ocrx_word' id='word_1_203' title='bbox 1830 1907 1905 1957; x_wconf 87' lang='lat' dir='ltr'>ab</span> 
     </span>
     <span class='ocr_line' id='line_1_28' title="bbox 301 1968 1902 2040; baseline 0.004 -20"><span class='ocrx_word' id='word_1_204' title='bbox 301 1968 430 2021; x_wconf 86' lang='lat' dir='ltr'>aliis</span> <span class='ocrx_word' id='word_1_205' title='bbox 451 1971 676 2024; x_wconf 84' lang='lat' dir='ltr'>senibus</span> <span class='ocrx_word' id='word_1_206' title='bbox 706 1973 982 2024; x_wconf 80' lang='lat' dir='ltr'>auditum:</span> <span class='ocrx_word' id='word_1_207' title='bbox 1025 1973 1083 2024; x_wconf 86' lang='lat' dir='ltr'>Si</span> <span class='ocrx_word' id='word_1_208' title='bbox 1112 1974 1235 2040; x_wconf 87' lang='lat' dir='ltr'>quis</span> <span class='ocrx_word' id='word_1_209' title='bbox 1263 1975 1322 2025; x_wconf 87' lang='lat' dir='ltr'>in</span> <span class='ocrx_word' id='word_1_210' title='bbox 1345 1977 1560 2027; x_wconf 88' lang='lat' dir='ltr'>caelum</span> <span class='ocrx_word' id='word_1_211' title='bbox 1586 1975 1902 2030; x_wconf 84' lang='lat' dir='ltr'>adscendis-</span> 
     </span>
     <span class='ocr_line' id='line_1_29' title="bbox 294 2041 1899 2110; baseline 0.005 -22"><span class='ocrx_word' id='word_1_212' title='bbox 294 2044 405 2100; x_wconf 88' lang='lat' dir='ltr'>set,</span> <span class='ocrx_word' id='word_1_213' title='bbox 447 2045 812 2106; x_wconf 84' lang='lat' dir='ltr'>naturamque</span> <span class='ocrx_word' id='word_1_214' title='bbox 843 2041 1034 2092; x_wconf 88' lang='lat' dir='ltr'>mundi</span> <span class='ocrx_word' id='word_1_215' title='bbox 1067 2048 1123 2094; x_wconf 91' lang='lat' dir='ltr'>et</span> <span class='ocrx_word' id='word_1_216' title='bbox 1158 2043 1624 2110; x_wconf 85' lang='lat' dir='ltr'>pulchritudinem</span> <span class='ocrx_word' id='word_1_217' title='bbox 1654 2045 1899 2097; x_wconf 85' lang='lat' dir='ltr'>siderum</span> 
     </span>
     <span class='ocr_line' id='line_1_30' title="bbox 293 2108 1900 2179; baseline 0.006 -23"><span class='ocrx_word' id='word_1_218' title='bbox 293 2108 692 2173; x_wconf 84' lang='lat' dir='ltr'>perspexisset,</span> <span class='ocrx_word' id='word_1_219' title='bbox 730 2109 1013 2161; x_wconf 82' lang='lat' dir='ltr'>insuavem</span> <span class='ocrx_word' id='word_1_220' title='bbox 1035 2111 1194 2163; x_wconf 87' lang='lat' dir='ltr'>illam</span> <span class='ocrx_word' id='word_1_221' title='bbox 1220 2112 1644 2168; x_wconf 83' lang='lat' dir='ltr'>admirationem</span> <span class='ocrx_word' id='word_1_222' title='bbox 1670 2115 1721 2168; x_wconf 90' lang='lat' dir='ltr'>ei</span> <span class='ocrx_word' id='word_1_223' title='bbox 1748 2115 1900 2179; x_wconf 77' lang='lat' dir='ltr'>fore3</span> 
     </span>
     <span class='ocr_line' id='line_1_31' title="bbox 293 2176 1911 2249; baseline 0.006 -24"><span class='ocrx_word' id='word_1_224' title='bbox 293 2190 434 2242; x_wconf 85' lang='lat' dir='ltr'>quae</span> <span class='ocrx_word' id='word_1_225' title='bbox 453 2176 855 2229; x_wconf 86' lang='lat' dir='ltr'>iucundissima</span> <span class='ocrx_word' id='word_1_226' title='bbox 873 2179 1095 2244; x_wconf 80' lang='lat' dir='ltr'>fuisset,</span> <span class='ocrx_word' id='word_1_227' title='bbox 1136 2183 1187 2232; x_wconf 83' lang='lat' dir='ltr'>si</span> <span class='ocrx_word' id='word_1_228' title='bbox 1208 2183 1445 2249; x_wconf 83' lang='lat' dir='ltr'>aliquem</span> <span class='ocrx_word' id='word_1_229' title='bbox 1460 2220 1476 2246; x_wconf 91' lang='lat'><strong><em>‚</em></strong></span> <span class='ocrx_word' id='word_1_230' title='bbox 1519 2185 1610 2237; x_wconf 84' lang='lat' dir='ltr'>cui</span> <span class='ocrx_word' id='word_1_231' title='bbox 1629 2188 1911 2249; x_wconf 78' lang='lat' dir='ltr'>narraret,-</span> 
     </span>
     <span class='ocr_line' id='line_1_32' title="bbox 293 2241 1901 2320; baseline 0.006 -24"><span class='ocrx_word' id='word_1_232' title='bbox 293 2241 600 2297; x_wconf 81' lang='lat' dir='ltr'>habuis&#39;set.</span> <span class='ocrx_word' id='word_1_233' title='bbox 674 2244 766 2320; x_wconf 76' lang='lat' dir='ltr'>Sic</span> <span class='ocrx_word' id='word_1_234' title='bbox 795 2254 996 2300; x_wconf 88' lang='lat' dir='ltr'>natura</span> <span class='ocrx_word' id='word_1_235' title='bbox 1024 2250 1337 2304; x_wconf 87' lang='lat' dir='ltr'>solitarium</span> <span class='ocrx_word' id='word_1_236' title='bbox 1366 2252 1505 2306; x_wconf 84' lang='lat' dir='ltr'>nihil</span> <span class='ocrx_word' id='word_1_237' title='bbox 1536 2254 1714 2318; x_wconf 69' lang='lat' dir='ltr'>amat&#39;,</span> <span class='ocrx_word' id='word_1_238' title='bbox 1758 2268 1901 2306; x_wconf 83' lang='lat' dir='ltr'>sem·</span> 
     </span>
     <span class='ocr_line' id='line_1_33' title="bbox 291 2313 1898 2388; baseline 0.005 -22"><span class='ocrx_word' id='word_1_239' title='bbox 291 2327 499 2380; x_wconf 83' lang='lat' dir='ltr'>perque</span> <span class='ocrx_word' id='word_1_240' title='bbox 521 2313 590 2366; x_wconf 87' lang='lat' dir='ltr'>ad</span> <span class='ocrx_word' id='word_1_241' title='bbox 616 2314 844 2382; x_wconf 78' lang='lat' dir='ltr'>aliquod</span> <span class='ocrx_word' id='word_1_242' title='bbox 874 2325 1154 2386; x_wconf 83' lang='lat' dir='ltr'>tamquam</span> <span class='ocrx_word' id='word_1_243' title='bbox 1182 2321 1572 2379; x_wconf 80' lang='lat' dir='ltr'>adminiculum</span> <span class='ocrx_word' id='word_1_244' title='bbox 1597 2325 1898 2388; x_wconf 78' lang='lat' dir='ltr'>annititur3</span> 
     </span>
     <span class='ocr_line' id='line_1_34' title="bbox 294 2383 1884 2458; baseline 0.008 -26"><span class='ocrx_word' id='word_1_245' title='bbox 294 2383 442 2448; x_wconf 84' lang='lat' dir='ltr'>quod</span> <span class='ocrx_word' id='word_1_246' title='bbox 464 2384 526 2434; x_wconf 79' lang='lat' dir='ltr'>in</span> <span class='ocrx_word' id='word_1_247' title='bbox 545 2385 880 2439; x_wconf 85' lang='lat' dir='ltr'>amicissimo</span> <span class='ocrx_word' id='word_1_248' title='bbox 903 2403 1119 2458; x_wconf 84' lang='lat' dir='ltr'>quoque</span> <span class='ocrx_word' id='word_1_249' title='bbox 1139 2389 1516 2444; x_wconf 80' lang='lat' dir='ltr'>dulcissimum</span> <span class='ocrx_word' id='word_1_250' title='bbox 1540 2400 1639 2446; x_wconf 85' lang='lat' dir='ltr'>est.</span> <span class='ocrx_word' id='word_1_251' title='bbox 1695 2391 1884 2446; x_wconf 84' lang='lat' dir='ltr'><strong>XXIV</strong></span> 
     </span>
    </p>

    <p class='ocr_par' dir='ltr' id='par_1_8' title="bbox 289 2449 1901 2737">
     <span class='ocr_line' id='line_1_35' title="bbox 295 2449 1901 2530; baseline 0.008 -29"><span class='ocrx_word' id='word_1_252' title='bbox 295 2449 403 2530; x_wconf 52' lang='lat' dir='ltr'>Sed</span> <span class='ocrx_word' id='word_1_253' title='bbox 429 2468 593 2519; x_wconf 86' lang='lat' dir='ltr'>quum</span> <span class='ocrx_word' id='word_1_254' title='bbox 620 2460 704 2507; x_wconf 85' lang='lat' dir='ltr'>tot</span> <span class='ocrx_word' id='word_1_255' title='bbox 723 2457 900 2525; x_wconf 72' lang='lat' dir='ltr'>signis</span> <span class='ocrx_word' id='word_1_256' title='bbox 923 2458 1117 2514; x_wconf 81' lang='lat' dir='ltr'>eadem</span> <span class='ocrx_word' id='word_1_257' title='bbox 1140 2465 1343 2512; x_wconf 84' lang='lat' dir='ltr'>natura-</span> <span class='ocrx_word' id='word_1_258' title='bbox 1364 2461 1626 2525; x_wconf 85' lang='lat' dir='ltr'>declaret,</span> <span class='ocrx_word' id='word_1_259' title='bbox 1658 2463 1784 2530; x_wconf 87' lang='lat' dir='ltr'>quid</span> <span class='ocrx_word' id='word_1_260' title='bbox 1808 2475 1901 2514; x_wconf 76' lang='lat' dir='ltr'>ve·</span> 
     </span>
     <span class='ocr_line' id='line_1_36' title="bbox 294 2516 1899 2600; baseline 0.01 -32"><span class='ocrx_word' id='word_1_261' title='bbox 294 2516 380 2600; x_wconf 68' lang='lat' dir='ltr'>ht,</span> <span class='ocrx_word' id='word_1_262' title='bbox 402 2523 676 2589; x_wconf 85' lang='lat' dir='ltr'>anquirat,</span> <span class='ocrx_word' id='word_1_263' title='bbox 697 2542 764 2579; x_wconf 90' lang='lat' dir='ltr'>ac</span> <span class='ocrx_word' id='word_1_264' title='bbox 786 2527 1091 2580; x_wconf 78' lang='lat' dir='ltr'>desideret:</span> <span class='ocrx_word' id='word_1_265' title='bbox 1132 2529 1575 2583; x_wconf 85' lang='lat' dir='ltr'>obsurdescimus</span> <span class='ocrx_word' id='word_1_266' title='bbox 1596 2538 1785 2585; x_wconf 85' lang='lat' dir='ltr'>tamen</span> <span class='ocrx_word' id='word_1_267' title='bbox 1806 2547 1899 2584; x_wconf 86' lang='lat' dir='ltr'>ne·</span> 
     </span>
     <span class='ocr_line' id='line_1_37' title="bbox 290 2594 1899 2666; baseline 0.01 -30"><span class='ocrx_word' id='word_1_268' title='bbox 290 2601 410 2638; x_wconf 77' lang='lat' dir='ltr'>seio</span> <span class='ocrx_word' id='word_1_269' title='bbox 441 2594 748 2660; x_wconf 81' lang='lat' dir='ltr'>quomod03</span> <span class='ocrx_word' id='word_1_270' title='bbox 785 2613 890 2648; x_wconf 87' lang='lat' dir='ltr'>nee</span> <span class='ocrx_word' id='word_1_271' title='bbox 909 2613 1006 2660; x_wconf 88' lang='lat' dir='ltr'>ea,</span> <span class='ocrx_word' id='word_1_272' title='bbox 1048 2613 1190 2666; x_wconf 84' lang='lat' dir='ltr'>quae</span> <span class='ocrx_word' id='word_1_273' title='bbox 1212 2600 1282 2651; x_wconf 86' lang='lat' dir='ltr'>ab</span> <span class='ocrx_word' id='word_1_274' title='bbox 1306 2615 1375 2652; x_wconf 85' lang='lat' dir='ltr'>ea</span> <span class='ocrx_word' id='word_1_275' title='bbox 1391 2615 1703 2665; x_wconf 83' lang='lat' dir='ltr'>monemur,</span> <span class='ocrx_word' id='word_1_276' title='bbox 1743 2601 1899 2654; x_wconf 86' lang='lat' dir='ltr'>audi-</span> 
     </span>
     <span class='ocr_line' id='line_1_38' title="bbox 289 2658 1901 2737; baseline 0.011 -31"><span class='ocrx_word' id='word_1_277' title='bbox 289 2668 435 2710; x_wconf 67' lang='lat' dir='ltr'>mus.</span> <span class='ocrx_word' id='word_1_278' title='bbox 503 2658 609 2712; x_wconf 82' lang='lat' dir='ltr'>Est</span> <span class='ocrx_word' id='word_1_279' title='bbox 641 2663 788 2716; x_wconf 85' lang='lat' dir='ltr'>enim</span> <span class='ocrx_word' id='word_1_280' title='bbox 819 2667 1010 2718; x_wconf 72' lang='lat' dir='ltr'>varius</span> <span class='ocrx_word' id='word_1_281' title='bbox 1046 2675 1105 2720; x_wconf 88' lang='lat' dir='ltr'>et</span> <span class='ocrx_word' id='word_1_282' title='bbox 1122 2669 1418 2736; x_wconf 83' lang='lat' dir='ltr'>multiplex</span> <span class='ocrx_word' id='word_1_283' title='bbox 1446 2684 1581 2724; x_wconf 82' lang='lat' dir='ltr'>usus</span> <span class='ocrx_word' id='word_1_284' title='bbox 1602 2671 1901 2737; x_wconf 79' lang='lat' dir='ltr'>amicitiae,</span> 
     </span>
    </p>
   </div>
  </div>
 </body>
</html>
