2087 2914
306 84 378 140 so
417 59 420 64 ’
845 85 1061 140 cATo
1094 41 1369 138 imon

302 187 364 240 id
383 185 540 240 docti
557 201 718 241 senes
739 186 1134 242 extimescent!
1169 183 1525 248 ⁷6.0mnino‚
1544 189 1609 236 ut
1628 183 1769 237 mihi
1788 185 1903 252 qui-

305 257 432 308 dem
449 256 699 321 videtur,
739 257 1057 309 studiorum
1070 255 1325 308 omnium
1344 254 1573 307 satietas
1594 253 1743 306 vitae
1767 253 1905 306 facit

302 326 642 379 satietatem.
715 325 856 378 Sunt
875 323 1151 392 pueritiae
1166 331 1320 377 certa
1336 323 1549 376 studia:
1580 336 1711 374 num
1729 322 1905 390 igitur

307 408 376 446 ea
395 394 717 448 desiderant
745 393 1163 447 adolescentes}
1197 393 1344 446 Sunt
1370 399 1429 445 et
1452 391 1695 446 ineuntis
1720 391 1905 444 adole·

306 465 584 517 scentiae:
615 478 746 514 num
767 478 836 514 ea
854 469 1117 515 constans
1140 463 1255 516 iam
1271 461 1509 530 requirit
1536 465 1691 514 aetas
1704 493 1721 524 ,
1764 473 1905 526 quae

305 533 494 586 media
515 531 754 584 dicitur'!
793 531 936 584 Sunt
963 533 1136 584 etiam
1154 530 1319 585 huius
1342 531 1571 584 aetatist
1609 545 1679 581 ne
1700 545 1771 582 ea
1790 528 1906 596 qui·

307 600 434 654 dem
469 607 812 668 quaeruntur
839 617 876 653 a
911 607 1219 654 senectute.
1288 599 1431 654 Sunt
1463 604 1717 652 extrema
1744 612 1905 664 quee-

254 711 260 716 .
307 669 436 722 dam
459 669 652 721 studia
667 671 994 722 senectutis:
1027 683 1183 736 ergo,
1212 674 1278 720 ut
1294 666 1643 736 superiorum
1662 672 1907 720 aetatum

304 737 499 790 studia
513 738 792 801 occidunt,
813 739 894 790 sic
911 737 1177 790 occidunt
1196 738 1369 791 etiam
1392 735 1715 790 senectutis.
1746 733 1907 798 Quod

305 819 474 874 quum
497 807 704 869 evenit,
740 808 976 859 satietas
991 809 1147 860 vitae
1174 813 1391 874 tempus
1412 809 1687 858 maturum
1708 805 1905 856 mortis

303 875 485 928 affert.
557 875 707 928 xxl.
745 877 832 928 ⁷7.
855 876 1129 944 Equidem
1150 891 1261 927 non
1279 875 1464 936 video,
1491 889 1604 936 cur,
1638 873 1769 939 quid
1788 873 1907 938 ipse

303 945 542 997 sentiam
563 945 634 996 de
651 950 854 1007 morte,
871 961 982 998 non
1003 945 1239 998 audeam
1258 944 1417 996 vobis
1438 943 1651 1006 dicere3
1670 942 1817 1008 quod
1837 955 1905 996 eo

302 1014 504 1066 melius
526 1011 666 1066 mihi
687 1029 910 1066 cernere
927 1015 1141 1074 videor,
1162 1027 1271 1078 quo
1294 1015 1361 1064 ab
1376 1029 1443 1064 ea
1454 1011 1681 1078 propius
1692 1012 1903 1064 absum.

301 1083 426 1149 Ego
445 1089 664 1134 vestros
683 1089 890 1148 patres,
928 1082 988 1132 P.
1009 1081 1216 1146 Scipio,
1236 1086 1427 1146 tuque,
1466 1081 1524 1132 C.
1545 1079 1726 1142 Laeli,
1750 1079 1905 1130 viros

301 1151 642 1202 clarissimos
663 1149 912 1215 mihique
933 1149 1318 1211 amicissimos,
1338 1150 1529 1202 vivere
1548 1147 1819 1212 arbitror;
1846 1152 1905 1200 et

301 1233 424 1270 eam
447 1218 666 1287 quidem
695 1219 900 1280 vitam,
945 1233 1091 1284 quae
1120 1223 1207 1268 est
1235 1217 1367 1270 sola
1397 1218 1518 1270 vita
1546 1216 1903 1270 nominanda.

297 1288 462 1351 Nam,
483 1289 614 1340 dum
637 1303 826 1338 sumus
846 1287 906 1337 in
925 1285 1011 1338 his
1032 1286 1235 1338 inclusi
1252 1287 1615 1353 compagibus
1637 1286 1903 1353 corporis,

297 1373 526 1409 munere
549 1355 790 1424 quodam
820 1357 1175 1408 necessitatis
1208 1360 1266 1407 et
1294 1355 1453 1421 gravi
1482 1367 1651 1420 opere
1682 1355 1905 1422 perfun-

298 1425 505 1495 gimur.
573 1425 679 1476 Est
699 1425 845 1477 enim
875 1424 1093 1477 animus
1126 1424 1387 1477 caelestis
1417 1437 1487 1476 ex
1506 1422 1783 1476 altissimo
1806 1425 1904 1476 do·

296 1495 508 1547 micilio
527 1494 820 1559 depressus
843 1498 900 1545 et
919 1494 1081 1562 quasi
1102 1491 1385 1546 demersus
1406 1493 1698 1556 interram,
1718 1493 1903 1545 locum

297 1563 522 1616 divinae
543 1568 780 1615 naturae
803 1562 1237 1629 aeternitatique
1258 1561 1619 1613 contrarium.
1656 1562 1768 1615 Sed
1788 1577 1903 1615 cre-

297 1633 400 1696 do,
439 1633 596 1685 Deos
624 1632 973 1685 immortales
1013 1631 1289 1699 sparsisse
1326 1630 1541 1683 animos
1574 1630 1633 1681 in
1664 1646 1905 1699 corpora

269 1728 274 1733 ⁶
295 1701 556 1765 humana,
577 1706 642 1752 ut
663 1707 868 1765 essent,
889 1702 987 1769 qui
1006 1707 1189 1753 terras
1210 1706 1517 1763 tuerentur,
1542 1700 1757 1767 quique,
1778 1716 1902 1755 cae-

297 1770 522 1823 lestium
543 1768 794 1823 ordinem
815 1770 1277 1838 contemplantes,
1304 1770 1659 1823 imitarentur
1680 1786 1804 1823 eum
1823 1772 1905 1823 vi·

295 1848 392 1893 tae
411 1840 580 1893 modo
602 1845 770 1907 atque
793 1840 1130 1893 constantia.
1202 1838 1324 1893 Nec
1350 1854 1441 1893 me
1461 1839 1642 1891 solum
1664 1842 1813 1893 ratio
1834 1855 1905 1893 ac

296 1910 610 1978 disputatio
640 1909 899 1977 impulit,
941 1915 1003 1961 ut
1031 1910 1119 1961 ita
1150 1909 1467 1972 crederem,
1508 1908 1607 1962 sed
1634 1910 1901 1963 nobilitas

294 1980 468 2033 ctiam
493 1992 833 2031 summorum
857 1976 1333 2045 philosophorum,
1352 1984 1411 2031 et
1432 1978 1760 2031 auctoritas.

365 2050 454 2099 78.
473 2048 797 2110 Audiebam,
818 2045 1199 2116 Pythagoram
1212 2046 1729 2115 Pythagor-eosque,
1750 2046 1903 2099 inco-
1962 2086 1969 2089 -
2074 2080 2076 2083 <

299 2118 386 2169 las
405 2131 582 2183 paene
601 2123 844 2179 nostros,
863 2116 959 2183 qui
979 2122 1168 2169 essent
1187 2116 1375 2168 Italici
1394 2114 1717 2181 philosophi
1726 2130 1904 2183 quon-

295 2186 430 2237 dam
449 2185 736 2246 nominati,
757 2200 1055 2251 numquam
1076 2184 1377 2247 dubitasse,
1400 2183 1533 2251 quin
1554 2198 1623 2236 ex
1642 2185 1905 2239 universa

299 2260 488 2308 mente
507 2254 698 2307 divina
719 2254 996 2306 delibatos
1017 2254 1235 2307 animos·
1250 2251 1598 2305 haberemus.
1660 2252 1904 2307 Demon-

301 2324 622 2376 strabantur
655 2322 796 2375 mihi
823 2330 1143 2391 praeterea,
1184 2336 1323 2387 quae
1349 2320 1611 2373 Socrates
1638 2336 1903 2389 supremo

299 2394 452 2447 vitae
471 2392 564 2447 die
585 2393 654 2447 de
673 2392 1105 2445 immortalitate
1118 2391 1429 2443 animorum
1440 2388 1813 2455 disseruisset,
1831 2392 1905 2457 is,

299 2463 400 2530 qui
430 2468 581 2515 esset
607 2462 854 2517 omnium
891 2460 1335 2530 sapientissimus
1364 2458 1593 2511 oraculo
1622 2461 1903 2529 Apollinis

300 2531 604 2587 iudieatus.
639 2532 790 2595 Quid
812 2530 1020 2585 multa!
1037 2530 1135 2581 Sic
1151 2519 1289 2581 {nihi
1306 2528 1578 2595 persuasi,
1596 2531 1680 2583 sie
1698 2531 1905 2597 sentio,

301 2614 472 2673 quum
503 2608 662 2656 tanta
683 2602 941 2655 celeritas
967 2600 1279 2653 animorum
1306 2596 1413 2664 sit,
1450 2604 1613 2653 tanta
1630 2602 1905 2660 memoria
