2087 2914
623 147 798 204 PAR.
835 147 904 205 V.
963 147 1133 204 cAP.
1174 147 1225 204 1.
1256 150 1309 202 2.
1708 147 1779 203 83
1808 185 1820 195 .

172 251 424 306 videtur!
499 251 560 304 ui
581 251 724 304 nihil
744 253 1042 321 imperanti
1064 267 1271 321 negare
1290 257 1499 320 potest,
1538 249 1673 305 nihil
1696 267 1778 306 re·

170 337 368 376 cusnre
389 337 462 374 au
503 321 592 375 et!
629 321 860 374 Poscit}
893 323 1134 375 dandum
1164 329 1275 376 est=
1316 321 1517 374 vocat!
1557 325 1775 374 venien-

173 393 328 443 dum:
367 391 560 444 eiicitl·
597 392 934 444 abeundum:
971 392 1249 445 minatur}
1290 391 1774 445 extimescendum.

173 461 294 529 Ego
317 475 454 514 vero
475 463 646 513 istum
667 475 776 512 non
793 461 962 514 modo
985 477 1225 526 servum,
1264 462 1365 514 sed
1384 461 1777 528 nequissimum

173 545 414 594 servum,
441 531 614 584 etiam
635 531 760 582 siin
779 531 1128 600 amplissima
1146 530 1363 583 familia
1383 539 1551 583 natus
1572 531 1664 592 sit,
1688 545 1779 598 ap·

174 599 494 668 pellandum
513 606 666 667 puto.
713 599 894 668 Atque
914 607 979 652 ut
997 603 1057 652 in
1074 615 1278 670 magna
1298 600 1515 653 familia
1533 607 1661 650 sunt
1682 600 1778 650 alii

172 669 470 732 lautiores,
511 675 576 720 ut
607 669 718 722 sibi
746 671 1032 733 videntur,
1070 672 1245 734 servi,
1283 669 1385 722 sed
1413 677 1594 722 tamen
1619 673 1780 732 servi,

175 739 446 790 atrienses
467 753 536 791 ac
555 739 803 807 topiarii,
843 741 970 808 pari
988 739 1230 792 stultitia
1250 744 1399 803 sunt,
1434 753 1573 808 quos
1596 740 1779 807 signa,

176 809 1783 955 32⁸3}ss⁰43:‘1:¹0ffissssssssusszzffiffiffxssssz‘sst·

178 948 405 1000 lectant.
442 947 522 998 At
541 962 743 1009 sumus,
763 946 1042 1014 inquiunt,
1066 946 1311 999 civitatis
1324 946 1621 1014 principes.
1665 946 1783 998 Vos

177 1031 310 1070 vero
351 1030 420 1066 ne
447 1029 840 1067 conservorum
881 1015 1110 1083 quidem
1150 1021 1463 1074 vestrorum
1506 1015 1781 1082 principes

175 1085 331 1138 estis.
404 1083 489 1137 3⁷.
529 1083 642 1136 Sed
658 1090 724 1135 ut
743 1085 804 1136 in
824 1077 1069 1148 familia,
1106 1085 1207 1152 qui
1236 1089 1485 1136 tractant
1512 1085 1651 1148 ista,
1690 1084 1781 1151 qui

173 1158 419 1221 tergunt,
447 1154 546 1220 qui
567 1159 800 1222 ungunt,
829 1154 925 1222 qui
943 1160 1189 1218 verrunt,
1228 1154 1323 1222 qui
1344 1159 1632 1222 spargunt,
1672 1169 1785 1206 non

174 1221 628 1275 honestissimum
659 1223 844 1276 locum
874 1223 1167 1277 servitutis
1197 1229 1419 1278 tenent:
1458 1226 1541 1276 sic
1571 1224 1631 1276 in
1653 1223 1783 1276 civi·

169 1299 314 1354 tate,
333 1293 510 1359 quise
532 1294 766 1344 istarum
787 1309 976 1346 rerum
998 1291 1409 1360 cupiditatibus
1431 1293 1783 1355 dediderunt,

174 1362 356 1430 ipsius
377 1362 666 1415 servitutis
685 1363 872 1419 locum
893 1377 1069 1431 paene
1088 1363 1340 1414 infimum
1362 1363 1632 1416 obtinent.
1663 1361 1785 1414 Ma·

167 1448 306 1503 gna,
327 1431 530 1499 inquis,
550 1432 688 1486 bella
703 1433 880 1504 gassie
910 1433 1127 1505 ’unguis
1150 1431 1225 1487 im
1262 1431 1394 1487 eriis
1416 1443 1471 1487 et
1480 1431 1785 1503 provinciis

171 1500 415 1572 praefixi.
475 1502 624 1556 Gere
641 1504 820 1572 igitur
841 1503 1201 1556 animum‘lau
1243 1518 1275 1555 e
1294 1504 1541 1571 dignum.
1583 1502 1785 1555 Echio-

173 1572 262 1623 nis
281 1570 478 1623 tabula
507 1578 566 1624 te
596 1572 878 1640 stupidum
908 1573 1157 1635 detinet,
1194 1578 1295 1624 aut
1313 1574 1533 1640 signum
1554 1571 1784 1639 aliquod

175 1639 479 1708 Polycleti.
547 1638 752 1702 Mitto,
788 1640 933 1693 unde
953 1640 1273 1704 sustuleris,
1309 1647 1369 1692 et
1390 1640 1671 1708 quomodo
1692 1640 1789 1691 ha·

177 1711 331 1763 beas.
401 1708 719 1763 Intuentem
742 1714 828 1771 te,
865 1706 1261 1773 admirantem,
1292 1705 1565 1762 clamores
1587 1710 1785 1761 tollen-

171 1784 291 1833 tem
313 1790 480 1845 quum
503 1776 686 1841 video,
719 1782 940 1830 servum
959 1782 1017 1829 te
1036 1792 1161 1831 esse
1180 1778 1517 1845 ineptiarum
1539 1780 1786 1831 omnium

172 1848 382 1902 iudico.
453 1844 542 1898 38.
579 1846 766 1899 Nonne
799 1846 979 1915 igitur
1019 1856 1150 1899 sust
1190 1847 1305 1900 ista
1335 1848 1587 1921 festiva!
1642 1848 1788 1900 Sint.

173 1916 323 1972 Nam
343 1928 448 1967 nos
467 1929 684 1984 quoque
701 1915 897 1967 oculos
929 1915 1187 1967 eruditos
1206 1914 1491 1971 habemus.
1562 1915 1673 1969 Sed
1694 1917 1788 1969 ob·

173 2000 337 2041 secro
358 1989 442 2047 te,
482 1985 571 2037 ita
589 1989 824 2037 venusta
843 1980 1151 2037 habeantur
1170 1984 1309 2050 ista,
1352 2000 1463 2039 non
1482 1991 1548 2038 ut
1568 1986 1791 2039 vincula

175 2057 426 2109 virorum
446 2055 576 2118 sint,
613 2052 713 2108 sed
731 2059 795 2106 ut
819 2053 1232 2109 oblectamenta
1249 2070 1565 2125 puerorum.
1632 2055 1791 2119 Quid
1848 2087 1859 2103 Ι

182 2126 332 2179 enim
355 2123 582 2178 censesl
617 2124 672 2177 si
691 2124 758 2177 L.
778 2124 1085 2177 Mummius
1120 2124 1361 2194 auquem
1374 2126 1617 2179 istorum
1635 2125 1791 2181 vide·

181 2200 298 2259 ret,
338 2194 720 2248 matellionem
759 2193 1113 2247 Corinthium
1152 2195 1511 2263 cupidissime
1548 2202 1791 2253 tractan-

181 2268 329 2329 tem,
381 2280 550 2333 quum
587 2264 710 2332 ipse
747 2268 927 2316 totam
965 2264 1296 2317 Corinthum
1337 2264 1791 2332 contempsisset·

183 2339 369 2387 utrum
403 2336 563 2387 illum
601 2333 775 2386 civem
807 2332 1201 2399 excellentem,
1239 2348 1314 2387 aa
1342 2334 1643 2387 atriensem
1666 2330 1791 2383 dili·

184 2410 407 2471 gentem
435 2402 696 2474 putaret!
735 2403 1055 2456 Reviviscat
1080 2402 1167 2455 M·
1196 2404 1421 2468 curius,
1460 2409 1560 2456 aut
1597 2416 1790 2455 eorum

183 2472 416 2539 aliquis,
455 2488 692 2542 quorum
721 2472 783 2525 in
811 2470 950 2525 villa
973 2472 1229 2526 acdomo
1258 2472 1403 2525 nihil
1421 2472 1787 2542 splendidum,

183 2540 330 2593 nihil
351 2550 604 2596 ornatum
637 2543 746 2595 fuit
776 2546 1003 2612 praeter
1018 2546 1197 2612 ipsos,
1241 2546 1300 2596 et
1316 2540 1506 2595 videat
1526 2542 1792 2610 aliquem,

183 2612 413 2663 suminis
453 2613 650 2681 populi
679 2613 967 2670 beneflciis
997 2626 1190 2677 usum,
1230 2613 1559 2667 barbatulos
1587 2613 1791 2663 mullos

184 2684 569 2746 exceptantem
599 2682 667 2734 de
687 2683 898 2750 piscina
918 2688 976 2737 et
993 2689 1457 2806 Jtcrtractagtgm,
1498 2688 1555 2739 ct
1578 2696 1800 2735 murae·
