2087 2914
281 129 348 184 52
893 127 1263 180 LAELlus

205 271 211 276 -
283 230 580 302 pecudem:
603 231 702 284 sed
720 231 865 284 inter
885 231 1167 282 hominem
1188 236 1247 282 ot
1266 245 1479 293 saxum,
1500 234 1596 292 aut
1614 233 1887 288 truncum,

285 309 382 355 aut
402 301 622 368 quidvis
659 303 876 370 generis
908 301 1151 352 eiusdem
1163 300 1188 350 ’ἔ
1243 300 1439 367 Neque
1470 294 1615 351 e'nim
1644 302 1771 348 sunt
1796 295 1889 346 isti

287 371 567 433 audiendi,
589 373 683 439 qui
695 373 954 422 virtutem
967 369 1242 422 duram‘et
1264 372 1423 436 quasi
1444 369 1683 422 ferream
1704 381 1891 433 quam-

287 441 420 493 dam
451 457 574 494 esse
601 442 823 492 volunt:
865 455 1007 506 quae
1035 438 1257 505 quidem
1292 447 1390 492 est¹⁴
1421 455 1585 506 quum
1615 435 1807 489 multis
1836 435 1893 484 in

287 511 472 571 rebus,
513 516 634 561 tum
654 511 710 560 in
731 510 1000 570 amicitia,
1041 515 1239 560 tenera
1260 516 1429 577 atque
1450 507 1793 560 tractabilis:
1833 509 1896 556 ut

290 587 350 632 et
389 579 550 632 bonis
591 579 756 630 amici
797 580 956 645 quasi
994 578 1389 640 diffundantur,
1432 585 1491 630 et
1528 573 1897 630 incommodis

292 646 705 701 contrahantur.
778 648 1149 710 Quamobrem
1174 662 1349 714 angor
1369 649 1495 708 iste,
1525 647 1621 713 qui
1638 659 1741 712 pro
1765 644 1877 695 ami

293 733 360 769 co
381 731 547 783 saepe
569 717 871 783 capiundas
895 723 1000 778 est,
1036 731 1148 767 non
1168 722 1385 768 tantum
1404 717 1575 778 valet,
1594 722 1658 774 ut.
1676 714 1847 766 tollat
1868 730 1898 765 e

293 788 416 838 vita
437 781 766 850 amicitiam3
787 801 897 836 uon
916 787 1061 852 plus,
1085 801 1247 852 quam
1258 792 1323 836 ut
1338 786 1595 846 virtutes,
1618 784 1749 851 quia
1768 796 1901 834 non-

293 854 478 907 nullas
501 871 660 908 curas
683 860 739 908 et
758 856 1047 908 molestias
1070 855 1326 918 afferunt,
1348 855 1725 922 repudientur.
1749 851 1899 904 XIV.

295 925 478 987 Quum
501 931 689 978 autem
711 926 1004 977 contrahat
1025 925 1355 988 amicitiam,
1393 932 1457 978 ut
1478 939 1649 991 supra
1670 921 1812 983 dixi,
1853 922 1900 972 ai

295 1009 408 1062 qua
428 995 762 1062 significatio
783 997 1012 1058 yirtutis
1039 994 1279 1058 eluceat,
1323 995 1401 1046 ad·
1425 1009 1587 1062 quam
1620 1008 1682 1045 se
1701 991 1900 1043 similis

297 1065 516 1116 animus
558 1064 800 1131 applicet
841 1072 898 1117 et
937 1065 1233 1131 adiungat:
1296 1065 1353 1114 id
1396 1079 1564 1128 quum
1610 1061 1854 1127 coming*
1860 1066 1903 1122 t,

296 1147 456 1185 amor
475 1135 766 1184 exoriatur
792 1149 1018 1184 necesse
1041 1143 1145 1184 est.
1214 1133 1303 1186 49.
1342 1132 1486 1194 Quid
1510 1131 1655 1201 enim
1675 1136 1791 1182 tam
1814 1139 1905 1182 ab·

295 1201 542 1264 surdum,
583 1216 746 1267 quam
783 1202 1055 1254 delectari
1092 1203 1284 1253 multis
1322 1202 1579 1254 inanibus
1616 1202 1801 1261 rebus,
1838 1205 1903 1250 ut

295 1269 528 1333 honore,
565 1277 629 1322 ut
659 1271 860 1338 gloria,
901 1277 968 1321 ut
992 1271 1267 1332 aedificio,
1310 1277 1375 1322 ut
1400 1270 1611 1324 vestitu
1640 1269 1901 1336 cultuque

297 1339 562 1407 emporia,
606 1340 800 1391 animo
813 1345 999 1392 autem
1017 1340 1225 1392 virtute
1245 1339 1517 1406 praedito,
1560 1354 1646 1400 eo,
1688 1339 1784 1406 qui
1810 1337 1898 1392 vel

297 1424 510 1472 amare„
521 1408 629 1472 vel,
652 1415 712 1461 ut
732 1409 816 1462 ita
835 1409 1032 1473 dicam,
1055 1404 1343 1463 redamare
1366 1409 1560 1476 possit,
1580 1424 1691 1461 non
1713 1407 1901 1477 adm03
1970 1439 1973 1446 -

295 1481 425 1531 dum
447 1478 747 1532 delectari'ss
802 1477 960 1532 Nihil
980 1486 1066 1531 est
1086 1482 1231 1531 enim
1262 1480 1709 1533 remuneratione
1736 1478 1903 1531 liene·

293 1548 608 1611 volentia'e,
649 1548 792 1600 nihil
821 1549 1204 1603 vicissitudine
1230 1550 1543 1601 studiorum
1566 1547 1904 1600 officiorum-

297 1635 404 1687 que
440 1618 756 1670 iucundius.
827 1617 914 1671 50.
951 1619 1113 1682 Quod
1144 1621 1197 1671 si
1234 1620 1404 1671 etiam
1442 1617 1585 1669 illud
1624 1616 1901 1680 addimus,

297 1688 448 1757 quod
467 1694 618 1741 recte
639 1688 766 1741 addi
791 1695 994 1755 potest,
1015 1688 1155 1741 nihil
1176 1706 1316 1752 esse,
1338 1688 1483 1756 quod
1506 1688 1577 1741 ad
1600 1704 1661 1741 se
1679 1696 1798 1740 reni
1820 1686 1902 1737 ul-

295 1758 412 1811 lam
433 1763 546 1809 tam
567 1758 786 1811 alliciat
809 1765 866 1809 et
885 1764 1002 1809 tam
1024 1759 1290 1823 attrahat,
1314 1774 1475 1826 quam
1499 1759 1571 1810 ad
1592 1757 1899 1811 amicitiam

297 1826 637 1881 similitudo:
684 1826 1020 1880 concedetur
1046 1828 1299 1896 profecto
1320 1844 1510 1881 verum
1532 1844 1677 1891 esse,
1713 1831 1779 1878 ut
1804 1826 1879 1877 bo

298 1913 402 1949 nos
427 1896 562 1949 boui
590 1897 830 1966 diligant
867 1897 1285 1967 adsciscantque
1314 1900 1452 1961 sibi,
1492 1895 1901 1966 quasipropin-

299 1968 512 2035 quitate
534 1967 860 2019 coniunctos
881 1974 1049 2034 atque
1073 1974 1287 2021 natura.
1358 1969 1517 2023 Nihil
1538 1975 1622 2021 est
1644 1966 1793 2019 enim
1808 1977 1903 2031 ap-

298 2036 582 2104 petentius
604 2036 870 2087 similium
890 2037 994 2098 sui,
1027 2036 1169 2087 nihil
1188 2039 1467 2103 rapacius,
1498 2052 1663 2104 quam
1682 2039 1902 2085 natura.

301 2104 672 2169 Quamobrem
692 2102 800 2155 hoc
820 2104 1061 2171 quidem,
1081 2106 1260 2157 Fanni
1282 2113 1341 2160 et
1354 2105 1643 2166 Scaevola,
1667 2108 1903 2165 constat,

302 2181 365 2227 ut
385 2174 600 2240 opinor,
624 2172 790 2244 honis
809 2174 956 2226 inter
972 2175 1151 2227 bonos
1173 2176 1329 2243 quasi
1353 2174 1719 2227 necessariam
1740 2171 1905 2223 bene-

300 2242 608 2295 volentiam
629 2256 778 2295 εοεαε
821 2244 918 2310 qui
935 2251 1023 2296 est
1043 2244 1327 2297 amicitiae
1359 2242 1484 2295 fons
1507 2258 1543 2295 a
1558 2248 1759 2295 natura
1778 2255 1901 2292 con·

300 2312 552 2367 stitutus.
606 2308 927 2375 Sedeadem
949 2314 1170 2365 bonitas
1192 2315 1363 2369 etiam
1386 2312 1459 2365 ad
1486 2310 1905 2363 multitudinem

301 2382 566 2451 pertinet.
637 2380 764 2453 Non
785 2390 870 2436 est
889 2384 1034 2435 enim
1054 2382 1353 2437 inhumana
1371 2382 1567 2444 virtus,
1607 2395 1785 2448 neque
1803 2380 1905 2433 im-

299 2454 499 2515 manis,
539 2468 716 2521 neque
745 2452 1007 2519 superba:
1052 2468 1193 2520 quae
1224 2452 1393 2507 etiam
1426 2450 1667 2519 populos
1685 2451 1903 2503 univer·

301 2538 396 2575 sos
419 2524 586 2585 tueri,
610 2523 802 2589 eisque
823 2523 1032 2589 optime
1058 2519 1346 2573 consulere
1365 2521 1573 2577 soleat:
1620 2520 1769 2589 quod
1790 2535 1903 2574 non

301 2590 518 2645 faceret
536 2590 812 2659 profecto,
843 2592 896 2641 si
916 2608 952 2643 a
971 2591 1209 2643 caritate
1230 2590 1386 2658 vulgi
1402 2588 1750 2645 abhorreret.
1816 2586 1901 2645 51.

302 2664 480 2729 Atque
521 2661 692 2715 etiam
730 2654 870 2712 mihi
908 2658 1129 2727 quidem
1165 2658 1448 2726 videntur,
1506 2662 1602 2730 qui
1638 2659 1905 2717 utilitatis
