2087 2914
317 118 424 171 466
515 110 1739 170 rusanAN.n1sru·rA·r10Num
1796 97 1806 105 '

317 218 546 272 XXVII.
583 220 669 272 ⁷6.
707 218 832 272 Sint
853 219 1000 273 enim
1019 220 1133 271 tria
1152 232 1359 289 genera
1374 219 1675 281 bonorum,
1720 221 1778 269 ut
1804 215 1906 269 iam

317 305 354 342 a
371 290 586 357 laqueis
607 288 942 352 Stoicorum,
965 289 1163 357 quibus
1184 304 1345 351 usum
1364 304 1453 341 me
1471 287 1739 356 pluribus,
1760 302 1913 354 quam
2013 344 2014 353 ἒ

315 359 492 423 soleo,
513 358 790 428 intelligo,
810 358 1163 411 recedamus:
1202 359 1320 410 sint
1338 373 1471 411 sane
1488 357 1595 409 illa
1614 370 1809 424 genera
1822 357 1917 408 bo·
2013 368 2014 399 1

314 444 539 493 norum,
581 429 713 480 dum
743 430 992 495 corporis
1060 433 1117 480 et
1150 434 1383 481 externa
1412 428 1635 480 iaceant
1656 423 1825 489 humi,
1860 431 1918 477 et

315 498 732 561 tantummodo,
776 498 906 566 quia
925 496 1195 551 sumenda
1216 497 1350 561 sint,
1387 496 1738 564 appellentur
1754 495 1918 547 bona:
2013 506 2014 551 ᾗ

317 568 640 621 alia-autem
658 567 988 629 illa.divina‚
1010 567 1177 634 longe
1198 566 1423 633 lateque
1444 583 1504 619 se
1523 566 1781 633 pandant,
1804 580 1921 617 cae·
2013 568 2014 591 l

315 637 544 705 lumque
565 636 916 705 contingant,
955 642 1047 699 ut,
1088 652 1159 690 ea
1179 636 1276 704 qui
1296 636 1530 702 adeptus
1550 636 1641 699 sit,
1686 648 1780 686 cur
1798 649 1919 685 eum

315 706 546 760 beatum
577 705 744 757 modo
761 742 778 769 ,
823 714 882 759 et
913 721 1024 758 non
1055 706 1439 767 beatissimum
1460 706 1632 758 etiam
1662 704 1924 756 dixerim?

318 774 590 827 Dolorem
609 790 740 829 vero
763 776 986 842 sapiens
1010 774 1372 837 extimescet}
1411 775 1465 826 ls
1502 776 1648 827 enim
1670 772 1796 825 huic
1812 788 1925 825 ma-

317 844 466 897 xime
487 846 800 899 sententiae
821 850 1117 913 repugnat.
1188 844 1334 897 Nam
1364 850 1559 896 contra
1578 848 1812 895 mortem
1829 856 1929 893 no-

318 921 496 973 stram
524 922 692 983 atque
723 921 1068 979 nostrorum,
1110 920 1411 982 contraque
1442 912 1837 981 aegritudinem
1867 919 1931 965 et

316 984 562 1052 reliquas
585 985 756 1037 animi
776 984 1227 1052 perturbationes
1256 984 1394 1035 satis
1418 998 1551 1046 ¹esse
1580 982 1829 1035 videmur
1838 995 1932 1031 su·

245 1084 251 1091 -
315 1054 604 1173 Beriorum
643 1054 857 1107 dierum
898 1053 1369 1120 disputationibus
1408 1053 1615 1105 armati
1642 1058 1701 1103 et
1732 1050 1930 1117 parati.

373 1123 500 1175 olor
521 1138 642 1175 esse
661 1122 884 1175 videtur
905 1122 1209 1175 acerrimus
1230 1122 1424 1174 virtuti
1444 1120 1815 1174 adversarius.
1872 1120 1932 1171 Is

317 1192 581 1245 ardentes
597 1191 750 1245 faces
771 1192 1037 1243 intentat:
1085 1192 1161 1253 is,
1203 1191 1618 1253 fortitudinem,
1656 1188 1933 1255 magnitu-

316 1260 508 1315 dinem
529 1262 716 1324 animi,
759 1260 1089 1327 patientiam
1110 1275 1169 1313 se
1190 1259 1631 1320 debilitaturum,
1662 1258 1931 1324 minatur.

315 1331 403 1383 ⁷⁷.
424 1332 574 1383 Huic
593 1331 770 1398 igitur
787 1332 1112 1383 succumbet
1132 1329 1343 1381 virtus?
1374 1326 1503 1377 huic
1518 1328 1687 1378 beata
1708 1326 1939 1392 sapien..

315 1400 388 1452 tis
413 1405 472 1452 et
493 1400 798 1451 constantis
831 1400 940 1449 viri
956 1400 1077 1449 vita
1106 1398 1267 1449 cedet
1279 1397 1325 1461 ’Ξ-
1341 1396 1519 1456 ,Quam
1540 1392 1733 1464 turpe!
1775 1410 1809 1447 o
1833 1396 1937 1449 Dii

311 1468 470 1522 boni!
509 1468 677 1520 Pueri
713 1467 1033 1534 Spartiatae
1076 1480 1187 1517 non
1224 1467 1597 1534 ingemiscunt
1632 1466 1933 1520 verberum

313 1537 510 1592 dolore
530 1538 752 1592 laniati.
809 1536 1263 1590 Adolescentium
1286 1550 1485 1604 greges
1504 1535 1933 1589 Lacedaemone

309 1609 575 1663 vidimus„
591 1609 729 1676 ipsi,
770 1605 1089 1660 incredibili
1131 1605 1483 1659 contentione
1523 1612 1801 1664 certantes
1830 1618 1934 1671 pu·

273 1721 278 1724 .
311 1681 456 1750 gnis,
481 1679 742 1743 calcibus,
761 1677 1057 1746 unguibus,
1078 1691 1270 1736 morsu
1294 1675 1545 1745 denique,
1565 1684 1629 1729 ut
1646 1675 1934 1729 exanima-

310 1755 506 1802 rentur
524 1751 704 1817 prius,
742 1764 905 1816 quam
936 1764 998 1801 se
1027 1745 1206 1797 victos
1227 1746 1556 1800 faterentur.
1628 1745 1784 1808 Quae
1801 1744 1936 1798 bar-

310 1819 472 1872 baria
491 1819 650 1871 India
669 1819 884 1870 vastior
899 1822 1004 1878 „aut
1021 1814 1335 1885 agrestior?
1368 1816 1432 1869 In
1454 1832 1523 1870 ea
1552 1821 1739 1868 tamen
1758 1819 1937 1890 gente

311 1889 554 1957 primum
591 1889 664 1951 ii,
705 1888 800 1955 qui
837 1887 1118 1955 sapientes
1156 1883 1457 1950 habentur,
1505 1885 1641 1938 nudi
1680 1889 1940 1936 aehatem

316 1964 503 2026 agunt,
533 1964 592 2010 et
615 1957 849 2010 Caucasi
871 1958 1046 2019 nives,
1078 1953 1487 2025 hiemalemque
1506 1956 1616 2007 vim
1637 1953 1941 2022 perferunt

311 2029 430 2079 sine
454 2026 672 2080 doloret
717 2041 993 2095 quumque
1015 2025 1087 2077 ad
1106 2025 1386 2078 flammam
1407 2041 1468 2078 se
1488 2026 1939 2092 applicaverunt,

309 2096 430 2148 sine
465 2097 676 2163 gemitu
705 2097 1034 2148 aduruntur.
1104 2095 1189 2148 ⁷8.
1226 2094 1493 2148 Mulieres
1514 2094 1725 2146 veroin
1747 2091 1943 2154 India,

311 2180 477 2233 quum
501 2169 586 2216 est
610 2164 907 2232 [cuiusvis]
932 2179 1127 2218 earum
1147 2164 1233 2215 vir
1252 2171 1530 2228 mortuus,
1560 2165 1621 2215 in
1642 2168 1941 2217 certamen

309 2234 684 2302 iudiciumque
701 2234 954 2298 veniunt,
997 2245 1164 2301 quam
1185 2233 1486 2301 plurimum
1504 2234 1605 2286 ille
1627 2230 1906 2284 dilexerit
1926 2249 1946 2282 ‘-

309 2303 498 2371 plures
528 2305 674 2356 enim
703 2303 938 2372 singulis
979 2304 1163 2355 solent
1192 2319 1315 2356 esse
1348 2308 1573 2370 nuptae.
1646 2303 1809 2366 Quae
1846 2307 1949 2354 est

308 2373 530 2436 victrix,
573 2389 640 2425 ea
662 2373 828 2436 laeta,
871 2373 1335 2440 prosequentibus
1355 2375 1492 2436 suis,
1521 2388 1634 2424 una
1654 2386 1779 2422 cum
1800 2371 1951 2422 viro

305 2441 366 2492 in
387 2456 583 2510 rogum
603 2441 931 2510 imponitur:
951 2441 1057 2494 illa
1074 2442 1227 2492 victa
1238 2447 1455 2494 maesta
1466 2441 1719 2502 discedit,
1756 2440 1810 2492 N
1814 2455 1956 2492 um-

311 2524 475 2576 quam
507 2517 762 2562 naturam
798 2527 920 2562 mos
949 2511 1218 2564 vinceret.
1290 2512 1395 2564 Est
1423 2513 1573 2564 enim
1604 2527 1673 2564 ea
1698 2525 1955 2578 semper

293 2576 536 2630 invicta.
593 2579 704 2635 Sed
725 2596 827 2632 nos
844 2581 1076 2644 umbris,
1096 2579 1331 2643 deliciis,
1364 2582 1501 2643 otio,
1524 2579 1823 2650 languore,
1846 2580 1961 2634 de-

311 2645 457 2698 sidia
477 2647 719 2700 animum
740 2649 1058 2701 infecimus:
1098 2649 1453 2714 opinionibus
1482 2650 1747 2718 maloque
1770 2665 1961 2705 men-o

311 2713 602 2768 delinitum
649 2717 1012 2772 mollivimus.
1084 2719 1490 2789 Aegyptiorum
1543 2731 1759 2774 morem
1808 2722 1960 2789 quis
