2087 2914
293 147 364 198 ⁷2
814 137 1357 194 PARADoxA.

292 248 408 298 lum
429 245 680 313 sequitur
697 240 891 296 florem
911 240 1183 295 orationis
1203 257 1380 310 neque
1392 241 1596 295 dilatat
1606 255 1889 310 argumen-

293 323 434 367 tum:
467 314 696 365 minutis
713 312 1279 378 interrogatiunculis,
1309 313 1466 380 quasi
1484 312 1723 381 punctis,
1745 313 1890 378 quod

292 382 610 452 proposuit,
646 379 832 435 efficit.
903 380 956 434 3.
989 379 1101 433 Sed
1129 380 1271 434 nihil
1300 388 1385 435 est
1410 389 1528 434 tam
1549 381 1891 443 incredibile,

296 452 445 520 quod
455 467 567 505 non
587 450 822 504 'dicendo
845 449 947 501 liat
963 451 1287 517 probabile3
1305 450 1446 502 nihil
1458 457 1577 503 tam
1589 449 1891 512 horridum,

291 527 411 575 tam
451 520 752 582 incultum,
803 519 1106 586 quod-non
1146 519 1501 587 splendescat
1544 521 1801 574 oratione
1840 525 1901 572 et

293 600 578 659 tamquam
601 589 909 642 excolatur.
979 588 1146 650 Quod
1168 603 1336 655 quum
1356 590 1443 640 ita
1467 594 1744 657 putarem,
1787 587 1901 640 feei

296 661 468 713 etiam
491 657 772 721 audacius,
795 671 960 724 quam
985 658 1087 709 ille
1106 657 1245 724 ipse,
1268 657 1338 708 de
1356 673 1470 725 quo
1490 659 1709 726 loquor.
1757 659 1896 709 Cato

293 729 440 780 enim
463 727 752 780 dumtaxat
774 727 844 779 de
873 727 1255 794 magnitudine
1288 727 1487 789 animi,
1524 727 1595 778 de
1618 726 1899 778 continen—

291 797 394 858 tia,
418 796 486 848 de
506 802 704 860 morte,
727 796 796 848 de
819 797 971 848 omni
989 795 1157 849 laude
1175 797 1419 860 virtutis,
1451 796 1519 848 de
1538 795 1659 847 Diis
1680 795 1897 846 immor·

295 866 531 929 talibus,
577 865 646 919 de
667 865 904 919 caritate
925 866 1170 933 patriae,
1212 863 1401 920 Stoice
1417 866 1596 929 solet,
1636 863 1901 917 oratoriis

293 935 637 992 ornamentis
678 933 965 999 adhibitis,
1005 935 1211 988 dicere.
1282 935 1407 1002 Ego
1443 948 1578 988 vero
1619 934 1722 986 illa
1757 933 1899 1001 ipsa,

294 1021 438 1128 guae
467 1005 560 1057 vix
586 1007 648 1057 in
679 1005 988 1073 gymnasiis
1009 1011 1067 1056 et
1088 1005 1146 1055 in
1178 1004 1297 1057 otio
1320 1004 1494 1057 Stoici
1512 1003 1779 1072 probant,
1818 1002 1899 1053 lu·

335 1091 432 1128 ens
454 1075 668 1126 conieci
685 1076 746 1126 in
770 1088 1087 1126 communes
1105 1075 1279 1126 locos.
1349 1073 1403 1126 4.
1424 1073 1602 1136 Quae,
1621 1071 1753 1142 quia
1772 1076 1901 1124 sunt

297 1143 656 1198 admirabilia
686 1147 990 1209 contraque
1012 1142 1327 1209 opinionem
1358 1143 1631 1204 omnium,
1668 1140 1740 1191 ab
1760 1140 1899 1207 ipsis

296 1213 466 1265 etiam
485 1209 761 1278 παράδοξα
783 1210 1158 1278 appellantur,
1178 1216 1397 1263 tentare
1406 1211 1578 1272 volui,
1601 1215 1901 1278 possentne

295 1279 536 1350 proferri
553 1279 614 1330 in
633 1279 815 1331 lucem
827 1315 844 1342 ,
885 1277 964 1346 [id
993 1283 1105 1342 est,
1140 1279 1203 1330 in
1222 1278 1446 1345 forum,]
1478 1279 1638 1332 etita
1658 1276 1797 1340 dici,
1838 1283 1902 1328 ut

295 1351 681 1419 probarentur,
711 1363 784 1400 an
805 1348 922 1400 alia
943 1345 1221 1417 quaedam
1244 1353 1395 1400 esset
1414 1348 1651 1410 erudita,
1672 1347 1787 1400 alia
1806 1359 1901 1413 po·

301 1418 515 1487 pularis
554 1417 764 1471 oratio:
791 1431 982 1485 eoque
1025 1417 1227 1485 scripsi
1258 1417 1544 1484 libentius,
1590 1416 1738 1486 quod
1766 1415 1903 1468 mihi

297 1491 434 1550 ista,
488 1484 768 1553 παράδοξα
808 1501 950 1555 quae
989 1487 1301 1554 appellant,
1356 1489 1601 1539 maxime
1642 1486 1905 1542 videntur

301 1574 422 1612 esse
445 1552 731 1609 Socratica
759 1555 1038 1625 longeque
1063 1557 1371 1609 verissima.
1442 1555 1495 1611 5.
1525 1556 1779 1624 Accipies
1799 1556 1905 1624 igi·

301 1636 394 1680 tur
410 1625 516 1678 hoc
537 1636 765 1691 parvum
789 1619 1132 1691 opusculum,
1154 1626 1509 1678 lucubratum
1532 1625 1621 1678 his
1643 1626 1755 1678 iam
1778 1635 1904 1677 con-

299 1694 655 1749 tractioribus
675 1694 961 1746 noctibus:
1002 1694 1268 1764 quoniam
1294 1694 1441 1747 illud
1468 1695 1745 1748 maiorum
1762 1694 1905 1761 vigi·

300 1766 503 1817 liarum
521 1776 720 1815 munus
741 1762 801 1813 in
819 1769 921 1815 tuo
943 1763 1167 1816 nomine
1188 1764 1472 1832 apparuit=
1506 1770 1563 1817 et
1580 1763 1908 1833 degustabis

297 1848 469 1904 genus
496 1829 606 1883 hoc
637 1832 1101 1884 exercitationum
1136 1832 1402 1902 [earum],
1443 1834 1641 1902 quibus
1670 1835 1756 1887 uti
1777 1846 1904 1884 con·

299 1904 471 1966 suevi,
510 1916 676 1970 quum
699 1916 783 1965 ea,
829 1916 970 1969 quae
990 1900 1249 1955 dicuntur
1266 1903 1328 1955 in
1350 1900 1561 1956 sobolis
1582 1898 1791 1964 θετικά,
1832 1900 1905 1953 ad

298 1980 547 2045 nostrum
567 1968 673 2021 hoc
697 1971 1003 2023 oratorium
1023 1972 1303 2025 transfero
1328 1972 1549 2027 dicendi
1558 1984 1746 2041 genus.
1776 1970 1905 2020 Hoc

299 2048 486 2093 tamen
515 2053 654 2105 opus
683 2038 742 2091 iu
778 2046 1068 2107 acceptum
1096 2047 1165 2093 ut
1194 2040 1437 2103 referas,
1474 2040 1615 2091 nihil
1656 2037 1902 2105 postulo.

299 2109 428 2161 Non
449 2112 536 2160 est
556 2105 729 2169 enim,
767 2109 909 2160 utin
928 2122 1059 2162 arce
1080 2112 1218 2176 poni
1247 2110 1455 2178 possit,
1495 2107 1653 2177 quasi
1677 2106 1780 2157 illa
1798 2106 1905 2157 Mi·

297 2192 468 2230 nerva
486 2174 746 2243 Phidiae3
772 2177 874 2230 sed
895 2182 1114 2243 tamen,
1131 2186 1197 2233 ut
1216 2194 1286 2233 ex
1304 2178 1501 2234 eadem
1520 2176 1741 2231 officina
1760 2175 1902 2231 exis·

300 2262 361 2302 se
383 2250 667 2315 appareat.
1338 2260 1351 2269 *

801 2383 1320 2441 PARADoon
1352 2386 1395 2439 1.
1490 2400 1495 2403 ·

427 2450 546 2503 Ὅτι
561 2452 728 2519 μόνον
745 2449 960 2520 ἀγαθὸν
978 2454 1041 2504 τὸ
1066 2452 1241 2505 καλὸν.

453 2517 612 2583 Quod
633 2516 910 2573 honestum
930 2518 1021 2581 sit,
1041 2519 1105 2570 id
1126 2523 1297 2575 nolum
1316 2521 1509 2576 bonum
1532 2536 1657 2575 ene.

408 2588 450 2639 1.
489 2588 542 2639 6.
569 2586 801 2651 Vereor,
827 2602 898 2640 ne
920 2588 1010 2638 cui
1029 2594 1275 2642 vestrum
1298 2606 1368 2644 ex
1388 2590 1708 2645 Stoicorum
1730 2589 1905 2643 homi-

302 2670 428 2713 num
451 2656 950 2727 disputationibus,
989 2670 1101 2709 non
1132 2674 1199 2713 ex
1220 2675 1345 2716 meo
1378 2678 1542 2717 sensu
1574 2662 1902 2732 deprompta
