2087 2914
285 124 351 177 12
817 86 1032 175 caro
1068 122 1333 177 MAloR

279 225 368 281 Ti.
390 222 788 279 Coruncanius:
806 224 950 277 nihil
969 227 1135 280 modo
1157 226 1219 279 P.
1246 229 1507 292 Crassus;
1530 202 1777 293 aquibus
1798 228 1875 279 iu·

280 311 343 348 ra
363 296 576 363 civibus
593 296 1143 363 praescribebantur:
1166 311 1399 365 quorum
1418 310 1593 365 usque
1612 296 1683 347 ad
1696 303 1879 352 extre-

279 380 428 417 mum
458 365 720 435 spiritum
747 371 832 417 est
861 372 1127 433 provecta
1145 366 1453 433 prudentia.
1524 366 1615 419 28.
1654 366 1877 431 Orator,
1932 396 1935 402 ·

277 441 489 499 metuo,
526 450 595 487 ne
624 434 950 501 languescat
989 441 1291 496 senectute.
1363 436 1467 487 Est
1500 434 1647 487 enim
1678 448 1874 487 munus

276 504 395 557 eius
414 519 525 556 non
545 504 759 571 ingenn
779 504 981 566 solum,
1003 505 1104 557 sed
1125 504 1367 557 laterum
1390 505 1561 556 etiam
1582 509 1639 555 et
1656 504 1877 575 virium.

276 572 510 625 Omnino
531 583 792 625 canorum
811 571 954 625 illud
971 574 1026 625 in
1051 590 1187 627 voce
1208 573 1545 641 splendescit
1566 574 1756 635 etiam,
1784 588 1875 625 ne-

277 643 394 694 scio
425 657 532 709 quo
557 648 763 709 pactos
791 642 857 702 in
878 649 1192 707 senectute3
1234 642 1378 710 quod
1408 642 1667 709 equidem
1698 640 1877 693 adhuc

278 727 386 764 non
405 710 600 775 amisi3
642 718 698 763 et
717 709 921 764 videtis
952 728 1152 767 annos:
1196 711 1297 765 sed
1324 717 1509 763 tamen
1534 712 1767 763 decorus
1792 716 1878 763 est

277 794 458 834 sermo
480 781 650 845 senis,
689 780 911 847 quietus
929 788 986 834 et
1015 782 1307 845 remissus;
1345 780 1590 847 facitque
1608 794 1877 847 persaepe

274 848 400 917 ipsa
437 850 548 903 sibi
583 848 924 902 audientiam
967 849 1167 905 diserti
1202 849 1351 902 senis
1385 855 1605 917 compta
1635 856 1693 902 et
1722 850 1877 901 mitis

278 918 480 972 oratio.
551 919 714 984 Quod
733 920 782 970 si
801 920 925 987 ipse
944 920 1173 988 exsequi
1192 932 1449 987 nequeas,
1486 919 1667 986 possis
1688 925 1877 971 tamen

276 986 524 1059 Scipioni
542 989 862 1057 praecipere
883 994 939 1041 et
957 988 1173 1043 Laelio.
1246 988 1393 1049 Quid
1418 991 1560 1041 euim
1580 987 1877 1042 iucundius

274 1065 588 1121 senectute,
627 1058 840 1123 stipata
859 1058 1065 1108 studiis
1086 1055 1429 1108 iuventutis&
1473 1058 1561 1109 29.
1582 1058 1667 1109 An
1688 1074 1759 1111 ne
1780 1074 1878 1111 eas

274 1128 496 1195 quidem
515 1126 663 1179 vires
684 1123 958 1177 senectuti
978 1125 1373 1191 relinquemus,
1411 1129 1475 1175 ut
1494 1125 1880 1180 adolescentu-

181 1203 184 1207 ’
273 1197 360 1249 los
379 1196 599 1257 doceat,
627 1194 901 1255 instituat,
919 1192 993 1245 ad
1007 1188 1177 1245 'omne
1198 1192 1365 1245 officii
1385 1208 1581 1245 munus
1599 1196 1878 1249 instruat?

272 1267 395 1329 Quo
419 1264 641 1332 quidem
664 1278 830 1331 opere
849 1263 979 1330 quid
1003 1262 1335 1330 potestesse
1356 1263 1733 1331 praeclarius&
1768 1266 1875 1317 Mi-

271 1332 330 1385 hi
357 1349 491 1387 vero
514 1335 609 1385 Cn.
635 1339 689 1385 et
707 1332 769 1384 P.
789 1332 1075 1403 Scipiones
1109 1338 1166 1384 et
1196 1332 1288 1383 avi
1315 1334 1401 1384 tui
1426 1333 1569 1397 duo,
1608 1334 1674 1387 L.
1694 1336 1875 1387 Aemi·

270 1404 382 1455 lius
404 1408 462 1455 et
481 1401 543 1472 P.
563 1400 870 1466 Africanus,
899 1400 1173 1454 comitatu
1192 1402 1462 1454 nobilium
1483 1403 1874 1457 iuvenumefor-

270 1473 457 1524 tunati
481 1471 828 1524 videbantur.
903 1470 1022 1524 Nec
1049 1471 1154 1523 ulli
1171 1471 1441 1526 bonarum
1472 1475 1678 1526 artium
1696 1473 1873 1544 inagi-

271 1542 380 1593 stri
403 1555 515 1593 non
542 1541 698 1593 beati
724 1541 985 1608 putandi,
1025 1542 1282 1609 quamvis
1311 1543 1697 1596 consenuerint
1725 1546 1873 1598 vires

271 1621 440 1680 atque
460 1611 782 1664 defecerint.
823 1611 952 1663 Etsi
970 1611 1086 1664 ista
1104 1611 1232 1679 ipsa
1251 1610 1493 1666 defectio
1514 1613 1719 1666 virium
1739 1615 1873 1666 ado·

274 1680 576 1750 lescentiae
603 1679 761 1739 vitiis
791 1680 1033 1734 efficitur
1060 1681 1312 1749 saepius,
1354 1697 1517 1749 quam
1548 1685 1872 1738 senectutis.

273 1749 606 1809 Libidinosa
626 1750 832 1802 etenim
861 1756 918 1804 et
947 1751 1327 1819 intemperans
1340 1751 1729 1812 ⁸adolescentia
1746 1754 1875 1807 effe-

273 1821 391 1871 tum
412 1833 610 1886 corpus
633 1818 807 1872 tradit
828 1821 1121 1874 senectuti.
1178 1820 1263 1892 30.
1276 1813 1465 1896 ‘pyrus
1486 1822 1707 1890 quidem
1726 1823 1877 1892 apud

215 1915 226 1921 —
271 1887 696 1956 Xenophontem
743 1905 810 1944 eo
847 1906 1133 1953 sermone,
1175 1895 1340 1960 quem
1376 1892 1621 1945 moriens
1662 1892 1875 1956 habuit,-

273 1973 438 2026 quum
461 1958 759 2011 admodum
787 1975 958 2014 senex
985 1967 1160 2024 esset,
1192 1967 1364 2028 negat
1390 1978 1452 2016 se
1472 1976 1733 2028 umquam
1754 1977 1877 2014 sen-

271 2027 431 2088 sisse,
463 2035 803 2081 senectutem
821 2044 978 2082 suam
997 2029 1426 2083 imbecilliorem
1449 2030 1675 2093 factam,
1708 2047 1873 2098 quam

276 2093 656 2148 adolescentia
675 2097 890 2150 fuisset.
928 2099 1053 2164 Ego
1073 2095 1139 2148 L.
1160 2097 1455 2150 Metellum
1477 2099 1699 2150 memini
1718 2115 1873 2166 puer,

275 2191 341 2202 —
372 2165 470 2232 qui
501 2179 668 2231 quum
701 2166 1063 2232 quadriennio
1083 2172 1231 2235 ,post
1252 2167 1486 2221 alterum
1508 2169 1874 2222 Consulatum

277 2232 536 2286 Pontifex
555 2236 824 2286 maximus
844 2236 1026 2289 factus
1050 2242 1216 2299 esset,
1237 2235 1440 2304 viginti
1461 2243 1517 2290 et
1538 2237 1677 2291 duos
1698 2255 1873 2292 annos

275 2305 328 2356 ei
348 2302 662 2356 sacerdotio
685 2303 960 2372 praefuit,
980 2335 1046 2345 —-
1066 2307 1150 2358 ita
1167 2307 1328 2358 bonis
1342 2323 1463 2360 esse
1476 2308 1683 2361 viribus
1694 2314 1873 2368 extre?

274 2389 364 2434 mo
387 2381 638 2441 tempore
671 2377 902 2439 aetatis,
944 2382 1007 2428 ut
1027 2376 1457 2430 adolescentiam
1490 2393 1601 2431 non
1626 2379 1873 2447 require-

279 2450 376 2497 ret.
407 2441 563 2496 Nihil
577 2460 800 2498 necesse
821 2452 908 2498 est
927 2445 1081 2508 mihi,
1102 2446 1171 2498 de
1192 2448 1424 2515 meipso
1448 2447 1661 2501 dicere:
1686 2464 1871 2516 quam-

309 2528 435 2565 uam
457 2515 621 2568 estid
687 2515 871 2568 uidem
901 2517 1078 2569 senile
1108 2518 1392 2585 aetatique
1432 2524 1659 2572 nostrae
1679 2535 1869 2572 conce-

315 2583 448 2637 itur.
517 2583 588 2638 X.
625 2584 657 2638 3
698 2624 711 2638 .
733 2583 1049 2649 Videtisne,
1085 2591 1150 2637 ut
1172 2587 1319 2654 apud
1336 2588 1641 2642 Homerum
1666 2591 1864 2658 saepis·

278 2653 412 2706 nime
433 2652 638 2708 Nestor
674 2655 744 2710 de
773 2651 1087 2711 virtutibus
1106 2657 1219 2710 suis
1252 2658 1578 2728 praedicet‘!
1616 2661 1865 2731 Tertiam

1947 2759 1951 2764 ·
2042 2743 2059 2786 Ὶ
