2087 2914
284 133 376 204 ιε’
902 152 1265 206 mamus

283 253 418 322 quid
449 255 640 307 lictum
673 256 776 320 sit,
818 272 954 309 neve
997 256 1344 308 simulatnmz
1388 259 1581 325 aperte
1612 256 1760 308 enim
1787 241 1878 308 {el

285 323 492 386 odisse,
515 327 695 392 magis
713 327 938 393 ingenui
959 332 1063 386 est,
1086 341 1249 392 quam
1269 325 1455 378 fronte
1468 326 1747 377 occultare
1759 339 1881 376 sen-

275 393 538 446 tentiam.
581 394 813 455 Deinde,
833 409 939 445 non
965 395 1148 445 solum
1170 395 1239 445 ab
1262 394 1449 461 aliquo
1472 395 1675 446 allatas
1696 392 1881 444 erimi-

183 487 194 502 ·
281 461 539 515 nationes
558 463 855 530 repellere,
897 461 995 513 sed
1015 478 1085 514 ne
1106 463 1287 529 ipsum
1320 464 1538 532 quidem
1563 477 1684 514 esse
1704 460 1885 527 suspi-

285 529 513 592 ciosum,
553 546 770 598 semper
791 531 1006 597 aliquid
1028 532 1440 584 existimantem
1464 532 1533 583 ab
1560 531 1741 582 amieo
1764 543 1885 582 esse

283 597 574 650 violatum.
643 601 731 652 66.
763 599 1004 651 Accedat
1034 599 1144 652 huc
1158 601 1411 652 suavitas
1432 601 1701 668 quaedam
1724 611 1888 666 opor-

284 670 374 718 tet
389 682 700 719 sermonum
719 674 884 734 atque
906 683 1139 730 morunt,
1164 667 1587 736 haudquaquam
1604 669 1887 720 mediocre

287 733 698 788 condimentum
720 738 1017 790 amicitiae.
1086 738 1349 789 Tristitia
1368 745 1551 789 autem
1576 743 1633 788 et
1653 738 1710 787 in
1735 734 1887 787 omni

289 817 353 856 re
375 805 666 868 severitas,
685 804 855 859 habet
874 807 978 858 illa
999 807 1219 873 quidem
1244 807 1599 874 gravitatem:
1630 804 1729 857 sed
1745 804 1888 856 ami·

291 871 431 923 citia
446 874 734 926 remissior
755 892 878 929 esse
901 877 1067 928 debet
1086 882 1143 927 et
1163 877 1474 928 liberioret
1495 874 1712 926 dulcior
1736 879 1793 925 et
1814 871 1883 924 ad

233 941 240 948 ‘
289 956 506 994 omnem
537 945 857 998 comitatem
885 946 1325 1013 facilitatemque
1348 944 1665 1012 proclivior.
1728 941 1885 993 xlx.

286 1009 376 1077 ,⁶⁷-
417 1011 651 1066 Exsistit
684 1021 871 1067 autem
906 1013 1015 1066 hoc
1045 1015 1175 1066 loco
1196 1016 1465 1081 quaedam
1486 1012 1739 1080 quaestio
1760 1011 1887 1061 sub·

291 1078 557 1133 difficilis:
579 1098 710 1134 num
733 1083 955 1149 quando
978 1081 1144 1134 ’amici
1164 1084 1311 1145 novi,
1336 1083 1487 1150 digni
1510 1081 1773 1141 amicitia,
1794 1094 1888 1131 ve-

289 1149 501 1200 teribus
523 1150 634 1201 sint
657 1151 1043 1216 anteponendi,
1064 1157 1126 1202 ut
1142 1152 1303 1217 equis
1324 1151 1525 1202 vetulis
1552 1156 1771 1201 teneros
1793 1162 1888 1197 an-

288 1221 556 1280 teponere
576 1219 837 1270 solemus.
907 1219 1141 1285 Indigna
1162 1219 1385 1270 homine
1406 1219 1703 1268 dubitatio.
1758 1215 1885 1267 Non

289 1285 434 1336 enim
456 1287 828 1338 amicitiarum
853 1287 1056 1338 debent
1074 1303 1225 1348 esse,
1261 1288 1403 1338 sicut
1424 1286 1656 1338 aliarum
1676 1299 1885 1348 rerum,

290 1354 599 1406 satietates.
670 1353 1021 1408 veterrimae
1052 1371 1323 1422 quaeque,
1366 1362 1429 1405 ut
1450 1370 1520 1406 ea
1541 1355 1696 1416 vina,
1741 1369 1885 1421 quae

289 1427 620 1476 vetustatem
641 1423 839 1485 renunt,
881 1439 1001 1476 esse
1027 1425 1231 1477 debent
1252 1424 1633 1475 suavissimae:
1671 1437 1885 1475 verum·

289 1506 395 1557 que
415 1490 556 1541 illud
579 1499 684 1555 est,
705 1491 854 1558 quod
875 1492 1093 1556 dicitur,
1128 1496 1321 1545 multos
1342 1494 1548 1545 modios
1569 1493 1699 1545 aaliz
1720 1492 1885 1543 simul

289 1560 517 1612 edendos
539 1577 674 1623 esse,
715 1567 776 1612 ut
800 1561 1081 1614 amicitiae
1112 1578 1307 1614 munus
1328 1563 1608 1628 expletum
1630 1562 1725 1613 sit.
1794 1563 1881 1613 68.

289 1628 579 1683 Novitates
601 1637 812 1691 autem,
856 1630 906 1681 si
927 1645 1081 1698 spem
1103 1632 1359 1695 afferunt,
1398 1637 1479 1694 ut,
1520 1638 1803 1699 tamquam
1824 1630 1886 1681 in

289 1697 476 1750 herbis
496 1714 607 1750 non
628 1699 946 1761 fallacibus,
987 1701 1199 1753 fructus
1221 1709 1505 1768 appareat,
1540 1716 1649 1752 non
1670 1704 1798 1752 sunt
1820 1700 1886 1749 il·

289 1766 382 1819 lae
412 1767 633 1833 quidem
675 1768 1077 1835 repudiandae:
1121 1775 1370 1822 vetustas
1408 1778 1597 1822 tamen
1627 1764 1728 1821 su'o
1760 1769 1883 1820 loco

291 1837 667 1889 conservanda
688 1844 788 1889 est.
862 1836 1113 1889 Maxima
1131 1845 1217 1891 est
1240 1840 1386 1892 enim
1410 1840 1495 1891 vis
1513 1837 1807 1891 vetustatis
1828 1842 1888 1888 et

289 1906 720 1959 consuetudinis.
790 1906 936 1967 Quin
958 1908 1079 1973 ipso
1102 1923 1260 1975 equo,
1287 1909 1442 1961 cuius
1462 1908 1629 1959 modo
1654 1906 1886 1959 mentio-

287 1989 413 2026 nem
433 1973 560 2037 feci,
579 1976 629 2026 si
651 1976 804 2027 nulla
825 1990 916 2027 res
936 1977 1225 2044 impediat,
1244 1992 1415 2029 nemo
1432 1983 1533 2038 est,
1558 1976 1655 2043 qui
1676 1989 1785 2025 non
1798 1988 1887 2035 e0,
1956 1994 1961 1997 ·

290 2057 400 2109 quo
423 2045 734 2105 consuevit,
781 2044 1045 2095 libentius
1069 2051 1277 2107 utatur,
1316 2060 1477 2112 quam
1502 2044 1804 2093 intractato
1829 2046 1887 2093 et

287 2125 454 2163 novo:
496 2126 599 2162 nec
620 2112 786 2163 modo
807 2112 865 2162 in
887 2110 1016 2175 hoc,
1055 2128 1202 2180 quoa
1223 2120 1311 2166 est
1330 2112 1564 2173 animai,
1608 2111 1705 2162 sed
1731 2111 1791 2161 in
1813 2110 1885 2161 iis

287 2179 474 2243 etiam,
505 2195 644 2246 quae
663 2186 791 2231 sunt
809 2180 1128 2244 inanimata,
1150 2179 1489 2234 consuetudo
1506 2180 1686 2241 valet3
1718 2192 1884 2245 quum

287 2248 429 2300 locis
449 2248 584 2316 ipsis
607 2248 970 2313 delectemur,
1011 2252 1323 2302 montuosis
1348 2249 1517 2300 etiam
1539 2253 1596 2301 et
1617 2248 1885 2299 silvestri·

287 2318 417 2379 bus,
455 2320 512 2370 in
545 2318 740 2385 quibus
773 2317 985 2369 diutius
1015 2319 1348 2371 commorati
1377 2332 1582 2369 sumus.
1653 2316 1741 2368 69.
1774 2314 1883 2367 Sed

285 2387 586 2439 maximum
613 2387 776 2439 estin
791 2388 1065 2449 amicitia,
1087 2389 1425 2453 superiorem
1448 2400 1637 2451 parem
1660 2400 1785 2437 esse
1806 2385 1886 2434 in-

285 2453 498 2509 seriori.
535 2455 714 2521 Saepe
734 2456 878 2507 enim
901 2456 1264 2508 excellentiae
1283 2455 1551 2522 quaedam
1574 2459 1728 2505 sunta
1754 2468 1884 2523 qua·

288 2522 359 2573 lis
399 2530 526 2577 erat
568 2523 839 2591 Scipionis
879 2526 940 2575 in
979 2530 1189 2585 nostro,
1228 2530 1293 2574 ut
1328 2524 1413 2575 ita
1450 2522 1650 2586 dicam,
1692 2538 1881 2591 grege.

287 2590 601 2660 Numquam
622 2609 683 2645 se
693 2593 794 2644 ille
803 2592 986 2656 Philo,
1004 2606 1305 2659 numquam
1319 2592 1566 2658 Rupilio,
1587 2605 1880 2661 numquam

284 2658 554 2715 Mummio
595 2662 944 2729 anteposuit,
1001 2676 1299 2729 numquam
1344 2662 1631 2716 inferioris
1670 2662 1882 2715 ordinis
