2087 2914
497 121 610 172 DE
647 121 1034 206 AMIQITJA
1070 121 1237 176 caP.
1274 121 1359 176 20.
1380 118 1467 175 21.
1715 117 1784 174 m

195 225 371 278 oratio
389 229 586 276 nostra
605 224 906 276 delabitur.
977 226 1291 292 Erumpunt
1310 239 1475 292 saepe
1496 225 1637 276 vitia
1659 223 1789 276 anti-

197 310 380 348 corum
403 309 567 362 quum
587 295 652 344 iu.
663 295 816 360 ipsos
838 295 1064 358 >amicos‚
1080 302 1201 346 tum
1222 297 1279 346 in
1294 295 1535 358 alienos3
1557 305 1787 362 quorum

193 370 376 416 tamen
415 363 488 415 ad
525 365 745 425 amieos,
775 363 1049 424 redundet
1086 365 1335 417 infamia.
1365 375 1371 382 ·
1408 365 1577 416 Tales
1610 365 1793 432 igitur

195 433 469 486 amicitiae
485 439 616 484 suut
631 433 960 485 remissione
977 449 1108 486 usus
1132 434 1403 488 eluendae
1422 439 1498 495 et,
1545 438 1609 484 ut
1630 433 1791 484 Cato-

194 518 314 555 nem
334 502 530 556 >dicere
546 502 760 565 audivi,
803 503 1133 556 dissuendae
1154 506 1335 571 magis
1348 539 1363 567 ,
1406 519 1569 570 quam
1592 498 1791 552 discin-

197 571 424 623 dendae.
495 571 621 623 Nisi
641 573 914 638 quaedam
945 573 1240 624 admodum
1260 570 1633 626 intolerabilis
1652 571 1793 622 iniu-

194 641 278 693 ria
309 641 605 703 exarserit,
647 650 712 692 ut
739 657 916 709 aeque
944 649 1157 694 rectum
1188 657 1365 710 neque
1394 641 1687 694 honestum
1718 641 1793 691 sit

197 725 370 777 neque
389 710 511 762 fieri
533 712 727 776 possit,
749 717 816 762 ut
834 727 946 762 non
967 713 1165 763 statim·
1184 713 1446 765 alienatio
1472 710 1792 762 disiunctio-

199 795 300 849 que
323 780 580 832 facienda
609 781 698 831 sit.
773 783 856 832 7⁷.
889 780 986 832 Sin
1018 788 1203 833 autem
1224 795 1441 832 morum
1466 787 1561 832 aut
1584 779 1794 832 studio·

196 864 316 900 rum
337 850 698 902 commutatio
722 850 1008 916 quaedam,
1050 857 1113 900 ut
1134 851 1255 902 fieri
1276 851 1458 913 solet,'
1491 849 1643 901 facta
1664 849 1792 911 erit,

199 919 358 970 autin
377 920 720 986 reipublicae
737 920 992 984 partibus
1014 919 1679 971 dissensiointercesserit
1692 919 1794 982 (lo-

198 1002 336 1054 quor
359 989 510 1042 enim·
536 989 676 1050 iam,
715 994 780 1038 ut
798 984 997 1054 paullo
1015 991 1147 1040 ante
1167 988 1309 1056 dixi,
1352 1001 1463 1038 non
1485 987 1552 1038 de
1578 987 1792 1053 sapieng

196 1057 360 1120 tium,
403 1058 501 1110 scd
525 1057 592 1110 de
613 1059 992 1126 communibus
1023 1054 1309 1120 amicitiis)
1343 1056 1651 1132 cavendum
1668 1057 1794 1123 erit,

196 1141 266 1177 ne
302 1141 410 1178 non
441 1127 626 1178 solum
659 1120 944 1179 amicitiae
965 1127 1297 1194 depositae,
1337 1125 1434 1179 sed
1464 1125 1793 1177 inimicitiae

197 1195 362 1246 etiam
385 1204 672 1262 susceptae
695 1197 1004 1250 videantur.
1035 1197 1193 1248 Nihil
1213 1197 1357 1250 enim
1381 1196 1614 1262 turpius,
1636 1208 1797 1262 quam

197 1279 317 1315 cum
341 1279 410 1316 eo
439 1267 894 1334 bellum'gerere,
937 1268 1156 1335 quicum
1187 1267 1547 1318 familiariter
1571 1265 1796 1317 vixeris.

193 1334 276 1386 Ab
307 1335 556 1386 amicitia
589 1337 655 1398 Q.
677 1337 930 1405 Pompeii
962 1351 1089 1388 meo
1121 1337 1343 1386 nomine
1374 1351 1434 1386 se
1463 1340 1797 1395 removerat,

143 1441 156 1452 .
193 1409 257 1455 ut
274 1405 448 1468 scitis,
491 1404 706 1472 Scipio:
742 1413 974 1475 propter
995 1407 1397 1459 dissensionem
1419 1411 1623 1467 autem,
1658 1417 1798 1472 quae

135 1520 141 1526 .
195 1474 396 1525 eratin
416 1477 726 1541 republica,
767 1476 1042 1529 alienatus
1066 1485 1150 1528 est
1174 1492 1207 1527 a
1230 1476 1448 1541 collega
1466 1480 1659 1527 nostro
1682 1474 1799 1526 Me·

193 1544 354 1595 tello.
411 1546 717 1612 Utrumque
736 1546 858 1613 egit
877 1548 1142 1613 graviter,
1167 1546 1520 1607 auctoritate,
1544 1550 1602 1595 et
1628 1542 1799 1595 offen*

194 1613 350 1665 sione
381 1614 550 1665 animi
583 1630 694 1665 non
725 1616 942 1665 acerba.
1015 1616 1102 1667 78.
1146 1615 1517 1675 Quamobrem
1561 1612 1796 1679 primum

195 1682 380 1742 danda
401 1698 572 1750 opera
593 1688 698 1745 est,
719 1698 790 1734 ne
813 1698 922 1749 qua
941 1683 1245 1735 amicorum
1270 1682 1512 1733 discidia
1532 1682 1693 1731 fiant:
1715 1682 1795 1732 sin

191 1753 310 1804 tale
333 1751 547 1819 aliquid
569 1753 842 1816 evenerit3
871 1758 934 1803 ut
957 1753 1265 1805 exstinctae
1285 1752 1473 1819 potius
1496 1750 1798 1811 amicitiae,

192 1822 360 1889 qua'm
387 1836 684 1888 oppressae
697 1830 827 1875 'esse
849 1822 1161 1882 videantur.
1218 1820 1531 1873 Cavendum
1552 1834 1705 1883 vero,
1729 1836 1799 1871 ne

191 1892 368 1944 etiam
390 1891 450 1939 in
470 1904 668 1957 graves
699 1892 1023 1946 iuimicitias
1064 1896 1392 1941 convertant
1414 1904 1473 1939 se
1495 1889 1797 1941 amicitiae:

191 1978 266 2013 cx
285 1959 488 2027 quibus
510 1959 710 2025 iurgia,
741 1960 1059 2022 maledicta,
1090 1958 1459 2010 contumeliae
1480 1958 1797 2025 gignuntur.

193 2033 568 2094 Quactamen
598 2029 648 2080 si
675 2028 1002 2083 tolerabiles
1033 2033 1223 2092 erunt,
1261 2027 1528 2081 ferendae
1550 2033 1703 2079 sunt:
1746 2036 1801 2081 et

191 2102 286 2153 nic
315 2097 496 2151 honos
529 2100 706 2153 veteri
737 2099 1020 2151 amicitiae
1048 2098 1379 2151 tribuendus
1417 2103 1531 2163 est,
1574 2103 1637 2149 ut
1667 2098 1715 2149 is
1743 2098 1801 2149 iu

192 2170 364 2237 culpa
381 2171 472 2233 sit,
495 2171 587 2237 qui
609 2169 798 2233 faciat,
817 2184 927 2234 non
949 2170 1039 2237 qui
1053 2168 1584 2235 patiaturiniuriam.
1614 2168 1802 2220 Omni-

189 2256 268 2292 no
309 2240 555 2291 omnium
597 2238 792 2290 horum
823 2239 1085 2289 vitiorum
1130 2243 1295 2305 atque
1323 2236 1799 2291 incommodorum

189 2324 310 2361 una
329 2310 515 2361 cautio
539 2314 626 2361 est
645 2314 809 2376 atque
829 2322 940 2359 una
959 2308 1221 2375 provisio,
1242 2314 1307 2359 ut
1327 2324 1396 2359 ne
1418 2305 1581 2358 nimis
1592 2304 1704 2357 cito
1720 2305 1801 2356 di-

188 2378 376 2445 ligere
398 2378 745 2445 incipiamus,
766 2393 905 2430 neve
927 2393 1038 2429 non
1059 2376 1277 2445 dignos.
1314 2376 1399 2427 ⁷9.
1422 2374 1595 2442 Digni
1617 2379 1799 2425 autem

191 2456 328 2500 sunt
347 2449 628 2511 amicitia,
673 2448 872 2515 quibus
892 2448 948 2500 in
970 2447 1106 2513 ipsis
1125 2446 1270 2497 inest
1290 2459 1515 2506 caussa,
1556 2458 1655 2495 cur
1675 2441 1802 2494 dili·

188 2524 419 2587 gantur.
491 2518 700 2569 Rarum
720 2532 920 2585 genus,
957 2520 1038 2579 (et
1060 2515 1287 2583 quidem·
1306 2514 1494 2565 omnia
1512 2511 1803 2579 praeclara

189 2590 352 2650 rara)
375 2602 478 2639 nec
498 2586 798 2655 quidquam
821 2586 1122 2647 difficilius,
1159 2597 1321 2651 quam
1347 2582 1613 2650 reperire,
1655 2579 1800 2647 quod

190 2658 278 2709 sit
301 2656 455 2709 omni
477 2672 546 2711 ex
565 2657 806 2725 partein
828 2672 929 2709 suo
953 2670 1157 2726 genere
1185 2652 1511 2721 perfectum.
1554 2650 1665 2705 Sed
1687 2650 1803 2717 ple·

963 2759 990 2774 x„
