2087 2914
289 144 361 197 86
809 142 1353 197 PARAnoxA.

289 250 420 299 ante
447 242 595 309 dixi,
633 242 958 298 divitiarum
990 246 1206 300 modus.
1278 246 1389 311 Qui
1415 246 1589 317 igitur
1608 260 1720 299 noa
1738 244 1883 297 filias

289 315 506 385 plures,
543 314 644 367 sed
673 314 1107 367 innumerabiles
1134 316 1471 383 cupiditates
1509 314 1677 368 habet
1690 350 1707 378 ,
1744 328 1886 382 quae

291 384 448 437 brevi
487 391 740 451 tempore
777 384 1049 435 maximas
1087 388 1281 452 copias
1321 386 1613 439 exhaurire
1644 384 1887 454 possint3

293 451 439 505 hunc
468 467 575 520 quo
605 453 775 505 modo
807 468 911 521 ego
940 453 1234 521 appellabo
1274 454 1529 519 divitem,
1568 469 1737 523 quum
1768 453 1887 518 ipse

294 525 466 575 etiam
495 537 659 589 egere
685 538 746 575 se
773 523 1015 575 sentiat‘l
1084 523 1171 576 45.
1208 524 1377 576 Multi
1404 541 1473 579 ex
1500 532 1559 577 te
1578 523 1889 585 audierunt,
1914 583 1917 588 Ι

293 607 462 660 quum
483 590 714 653 diceres,
749 590 1013 657 neminem
1031 608 1143 645 esse
1163 592 1401 656 divitem,
1443 594 1553 647 nisi
1576 592 1673 661 qui
1692 588 1892 644 exerci-

293 668 409 713 tum
427 662 572 711 alere
584 670 769 727 posset
790 660 1223 733 substantibus.-
1246 662 1422 729 ,quod
1436 663 1675 729 populus
1694 661 1892 711 Roma·

291 745 396 780 nus
415 729 586 779 tantis
623 728 991 799 vectigalibus
1008 732 1333 799 iampridem
1353 732 1448 783 vix
1467 737 1669 797 potest.
1740 730 1891 795 Ergo

292 794 401 849 hoc
419 799 736 864 proposito,
777 814 1074 868 numquam
1096 801 1204 853 eris
1224 800 1379 853 dives
1402 794 1557 863 unte,
1598 812 1763 866 quam
1790 796 1896 847 tibi

291 882 364 919 ex
385 868 498 918 tuis
519 870 958 937 possessionibus
978 876 1200 922 tantum
1220 870 1531 932 reficiatur,
1570 866 1637 919 ut
1658 881 1725 921 eo
1744 866 1896 917 tueri

293 952 394 989 sex
423 937 672 1004 legiones
711 944 768 991 et
797 954 1001 1009 magna
1026 942 1279 1008 equitum
1306 955 1375 993 ae
1407 940 1661 1009 peditum
1684 934 1896 988 auxilia

291 1007 492 1073 possis.
564 1008 680 1058 lam
699 1008 895 1069 fateris
915 1010 1116 1079 igitur,
1158 1026 1269 1061 non
1288 1026 1411 1063 esse
1429 1016 1487 1062 te
1508 1008 1767 1067 divitem,
1806 1003 1896 1055 cui

289 1082 510 1127 tantum
535 1076 709 1141 desit,
749 1084 812 1129 ut
831 1080 1058 1145 expleas
1078 1078 1163 1142 id,
1203 1078 1353 1147 quod
1378 1084 1632 1145 exoptas.
1702 1076 1899 1140 Itaque

291 1144 460 1196 istam
491 1152 904 1210 paupertatem,
944 1148 1034 1199 vel
1072 1149 1257 1214 potius
1278 1154 1585 1216 egestatem
1608 1159 1675 1197 ac
1688 1142 1899 1195 mendi·

293 1214 524 1264 citatem
542 1218 698 1263 tuam
717 1228 1014 1282 numquam
1037 1218 1271 1269 obscure
1290 1217 1497 1269 tulisti.
1548 1212 1615 1264 11.
1634 1212 1723 1263 46.
1753 1210 1898 1262 Nam

293 1281 478 1345 utils,
519 1281 614 1349 qui
643 1280 874 1335 honeste
901 1298 1018 1335 rem
1051 1291 1326 1351 quaerunt
1341 1282 1675 1335 mercaturis
1694 1280 1899 1332 facien-

291 1350 408 1412 dis,
449 1352 637 1417 operis
659 1352 881 1415 dandis,
919 1353 1154 1421 publicis
1176 1352 1489 1415 sumendis,
1529 1350 1899 1418 intelligimus

295 1435 433 1488 opus
456 1435 578 1472 esse
601 1422 882 1487 quaesito:
927 1423 1032 1484 sie,
1076 1423 1172 1489 qui
1189 1422 1343 1474 videt
1362 1421 1514 1474 domi
1532 1427 1663 1473 tuae
1685 1418 1901 1488 pariter

297 1495 683 1543 accusatorum
713 1495 879 1556 atque
897 1491 1145 1542 iudicum
1168 1491 1516 1544 consociatos
1533 1505 1761 1558 greges3
1803 1489 1902 1556 qui

295 1565 558 1612 nocentes
580 1559 638 1612 et'
655 1559 990 1626 pecuniosos
1009 1575 1157 1624 reos,
1194 1561 1393 1614 eodem
1414 1567 1475 1613 te
1494 1565 1740 1621 auctore,
1776 1571 1902 1610 eor-

295 1629 574 1696 ruptelam
601 1628 794 1680 iudicii
823 1629 1147 1693 molientes,
1189 1631 1286 1700 qui
1318 1638 1448 1682 tuas
1468 1628 1786 1682 mercedum
1805 1641 1904 1693 pa-

217 1749 221 1752 .
295 1701 514 1752 ctiones
529 1700 588 1750 in
609 1700 968 1766 patrociniis,
1007 1700 1437 1754 intercessiones
1459 1699 1817 1767 pecuniarum
1841 1695 1903 1747 in

297 1768 632 1820 coitionibus
655 1768 1461 1832 candidatorum,dimissiones
1481 1770 1807 1820 libertorum
1830 1765 1905 1817 ad

296 1837 626 1890 fenerandas
657 1837 1105 1906 diripiendasque
1124 1839 1472 1908 provincias:
1510 1838 1604 1906 qui
1622 1836 1903 1905 expulsio-

297 1923 394 1960 nes
415 1907 747 1970 vicinorum,
791 1910 888 1976 qui
915 1909 1213 1962 latrocinia
1230 1909 1286 1961 in
1308 1911 1487 1976 agris,
1528 1909 1765 1976 quicum
1788 1919 1903 1956 ser-

299 1976 397 2038 vis,
420 1992 544 2028 cum
563 1977 801 2041 libertis,
843 1993 968 2029 cum
991 1978 1283 2031 clientibus
1304 1980 1622 2038 societates,
1663 1975 1759 2043 qui
1775 1985 1905 2040 pos-

297 2045 574 2097 sessiones
595 2061 815 2108 vacuss,
835 2048 932 2113 qui
951 2048 1387 2113 proscriptiones
1404 2045 1784 2112 locupletium,
1802 2041 1907 2108 qui

299 2112 502 2165 caedes
541 2115 970 2180 municipiorum
982 2149 1000 2178 ,
1052 2115 1147 2182 qui
1180 2116 1338 2167 illam
1378 2114 1593 2167 Sullani
1632 2110 1906 2178 temporis

297 2195 535 2234 messem
569 2183 919 2246 recordetur,
969 2183 1067 2252 qui
1102 2189 1439 2238 testamenta
1480 2181 1760 2241 subiecta,
1808 2179 1906 2246 qui

299 2252 552 2304 sublatos
566 2255 660 2302 ¹tot
680 2250 954 2316 homines3
975 2252 1074 2320 qui
1090 2252 1325 2320 denique
1344 2251 1535 2306 omnia
1552 2249 1787 2310 venalia,
1810 2247 1906 2299 de-

301 2322 528 2386 lectum,
547 2320 850 2383 decretum,
875 2322 1135 2385 alienam,
1154 2337 1313 2373 suam
1326 2320 1682 2380 sententiam,
1700 2317 1907 2380 forum,

302 2391 546 2454 domum,
577 2405 788 2453 vocem,
810 2391 1125 2442 silentium:
1166 2393 1289 2458 quis
1307 2389 1452 2442 hune
1470 2404 1581 2440 non
1600 2391 1758 2456 putet
1777 2400 1909 2438 con-

303 2461 452 2512 fiteri
464 2496 481 2524 ,
521 2459 630 2512 sibi
661 2461 916 2528 quaesito
946 2474 1085 2527 opus
1118 2459 1275 2512 esse}
1295 2459 1417 2512 ¹Cui
1444 2465 1630 2511 autem
1650 2456 1903 2524 quaesito

301 2543 439 2594 opus
477 2531 579 2593 sit,
620 2531 743 2597 quis
779 2544 1038 2598 umquam
1070 2527 1215 2581 hunc
1240 2544 1371 2582 vere
1398 2527 1608 2580 dixerit
1639 2525 1909 2598 divitemj!

301 2595 388 2648 47.
426 2597 530 2648 Est
569 2601 716 2649 enim
756 2599 1081 2650 divitiarum
1120 2597 1335 2650 fructus
1364 2597 1421 2650 in
1452 2598 1641 2666 copim
1684 2595 1905 2664 copiam

301 2672 491 2718 autem
531 2665 783 2719 declarat
828 2668 1062 2720 satietas
1102 2681 1289 2720 rerum
1326 2673 1494 2737 atque
1536 2667 1906 2722 abundantias
