2087 2914
1218 97 1250 109 l

237 169 248 177 “
305 153 375 214 54
819 148 846 204 '.
911 163 1284 218 memus

309 270 412 328 est,
454 264 552 319 sed
591 281 687 319 eos
731 267 903 321 etiam
941 268 1265 337 plerumque
1306 268 1479 322 efficit
1518 283 1730 331 caecos,
1770 283 1905 337 quos

309 335 603 402 complexa
622 346 725 391 est.
795 339 987 404 ltaque
1011 338 1319 390 efferuntur
1342 339 1434 390 illi
1460 339 1577 390 fere
1597 339 1827 391 fastidio
1848 345 1909 390 et

309 407 685 457 contumacia:
721 421 902 472 neque
943 407 1243 476 quidquam
1274 408 1581 475 insipiente
1613 407 1907 471 ,fortunato

309 473 718 527 intolerabilius
733 471 865 527 fieri
885 483 1093 542 potest.
1146 480 1325 545 Atque
1356 475 1462 529 hoe
1482 477 1702 544 quidem
1721 476 1909 528 videre

308 543 460 607 licet,
482 559 595 606 eos,
618 544 713 610 qui
732 550 898 596 antea
921 546 1227 598 commodis
1246 546 1473 599 fuerunt
1494 547 1767 610 moribus3
1808 544 1909 596 im-

310 614 484 680 perio,
524 619 826 678 potestate,
867 616 1150 681 prosperis
1172 617 1337 667 rebus
1356 616 1665 678 immutari,
1702 614 1910 682 sperni·

312 697 421 762 que
450 683 519 733 ab
549 680 641 732 'his
672 690 888 736 veteres
918 685 1219 747 amicitias,
1257 684 1538 751 indulgeri
1578 684 1753 736 novis.
1822 681 1907 735 55.

241 804 252 826 1
312 749 1177 888 ffifflss'ssi‘ffifssssffii’pssiffiss
1210 754 1912 889 ἓὲιῖἓῗὲἕέιῗὲίᾞέἓῖἶέἰ

312 893 508 940 rantur
543 890 795 956 pecunia,
837 905 1024 958 equos,
1062 890 1323 956 famulos,
1360 898 1572 944 vestem
1610 890 1909 959 egregiam,

315 970 450 1009 vasa
467 961 742 1025 pretiosa:
786 961 996 1012 amicos
1016 975 1126 1012 non
1159 975 1385 1028 parare,
1431 961 1693 1028 optimam
1716 967 1773 1012 et
1789 957 1911 1026 pul-

314 1024 645 1080 cherrimam
664 1029 833 1094 vitae,
874 1037 939 1082 ut
969 1031 1054 1082 ita
1074 1031 1271 1093 dicam,
1310 1024 1782 1097 suppellectilem!
1818 1027 1914 1077 Et-

312 1097 461 1148 enim
485 1104 673 1150 cetera
727 1112 857 1149 uum
879 1105 1097 1166 parant,
1126 1100 1215 1151 cui
1234 1104 1449 1166 parent,
1490 1099 1772 1158 nesciunt,
1811 1110 1911 1147 nec

311 1165 475 1217 cuius
497 1181 693 1228 caussa
735 1167 996 1219 aberent:
1019 1195 1085 1206 -—
1110 1170 1229 1221 eiud
1251 1174 1337 1218 est
1350 1167 1494 1219 enim
1513 1166 1743 1217 istorum
1757 1163 1911 1230 quid-

311 1249 446 1303 que,
487 1235 582 1302 qui
605 1236 779 1288 vincit
806 1236 1038 1287 viribus:
1059 1266 1128 1276 -
1172 1235 1543 1287 amicitiarum
1577 1249 1683 1286 sua
1717 1234 1913 1299 cuique

309 1310 599 1371 permanet
617 1305 836 1359 stabilis
857 1311 915 1357 et
938 1310 1093 1357 certa
1112 1305 1419 1372 possessioz
1453 1309 1532 1366 ut,
1554 1303 1795 1356 etiamsi
1813 1302 1916 1354 illa

309 1379 590 1437 maneant,
623 1389 768 1440 quae
788 1380 916 1426 sunt
937 1375 1101 1440 quasi
1124 1374 1271 1426 dona
1289 1372 1566 1435 fortunae,
1588 1378 1774 1424 tamen
1796 1372 1917 1424 vita

307 1441 522 1495 inculta
539 1449 597 1497 et
619 1441 842 1500 deserta
861 1443 930 1497 ab
951 1444 1165 1508 amicis,
1188 1457 1298 1496 non
1316 1443 1495 1512 possit
1517 1459 1637 1496 esse
1653 1439 1914 1495 iucunda.

309 1510 418 1565 Sed
441 1509 579 1565 haec
594 1509 883 1565 hactenus.
959 1530 968 1537 ·

415 1580 564 1634 XVI.
584 1581 670 1635 56.
693 1582 1083 1635 constituendi
1100 1586 1229 1634 sunt
1246 1590 1447 1646 autem,
1466 1582 1561 1651 qui
1578 1583 1686 1632 sint
1708 1580 1764 1631 in
1784 1579 1915 1631 ami·

311 1652 451 1705 citia
471 1652 608 1704 fines
632 1658 689 1703 et
709 1653 867 1720 quasi
882 1652 1115 1704 termini
1136 1651 1425 1721 diligendi.
1465 1652 1552 1703 De
1574 1650 1776 1717 quibus
1794 1655 1913 1700 tres

307 1721 473 1773 video
493 1723 801 1775 sententias
818 1720 986 1787 ferri3
1009 1736 1239 1790 quarum
1262 1723 1472 1774 nullam
1493 1720 1695 1787 probo:
1726 1732 1913 1779 unam,

307 1797 374 1843 ut
396 1790 779 1843 eodemmodo
803 1806 940 1859 erga
963 1790 1173 1859 amicos
1196 1790 1383 1844 affecti
1412 1790 1608 1853 simus,
1650 1802 1757 1857 quo
1779 1800 1917 1854 erga

307 1860 709 1927 nosmetipsos3
753 1860 1006 1923 alteram,
1050 1866 1115 1911 ut
1142 1868 1335 1913 nostra
1361 1860 1417 1911 in
1449 1859 1659 1911 amicos
1677 1860 1915 1911 benevo-

304 1928 484 1982 lentia
505 1929 740 1982 illorum
762 1946 896 1999 erga
916 1944 1017 1982 nos
1037 1929 1459 1984 benevolentiae
1481 1930 1693 1997 pariter
1712 1938 1917 1991 aequa·

305 1998 549 2065 litei-que
567 1999 928 2066 respondeat:
971 2000 1219 2063 tertiam,
1250 2007 1332 2064 ut,
1364 2000 1556 2067 quanti
1579 1999 1807 2065 quisque
1826 2006 1916 2045 se·

305 2067 431 2134 ipse
459 2066 625 2130 facit,
668 2068 815 2119 tanti
847 2068 946 2129 fiat
967 2070 1037 2120 ab
1062 2070 1275 2122 amicis.
1344 2068 1561 2119 Harum
1591 2065 1760 2116 trium
1788 2075 1915 2113 sen-

307 2135 615 2189 tentiarum
654 2135 798 2189 nulli
835 2152 1064 2203 prorsus
1106 2138 1397 2191 assentior.
1469 2135 1589 2187 Nec
1623 2132 1767 2185 enim
1808 2129 1917 2182 illa

299 2205 485 2274 prima
505 2220 638 2257 vera
659 2212 760 2268 est,
777 2212 858 2268 ut,
883 2206 1349 2273 quemadmodum
1370 2205 1427 2255 in
1448 2220 1509 2256 se
1531 2203 1787 2269 quisque,
1826 2200 1916 2253 sic

307 2274 369 2325 in
409 2274 645 2325 amicum
685 2275 762 2327 sit
800 2276 1100 2329 animatus.
1173 2276 1266 2329 57.
1304 2276 1485 2337 Quam
1526 2272 1706 2323 multa
1746 2269 1917 2333 enim,

308 2356 448 2415 quae
487 2349 684 2397 nostra
723 2359 922 2397 caussa
961 2360 1257 2412 numquam
1296 2344 1634 2403 faceremus,
1673 2337 1915 2391 facimus

307 2427 506 2465 caussa
546 2413 885 2465 amicorum}
919 2414 1139 2481 precari
1178 2414 1246 2463 ab
1283 2412 1531 2479 indigno,
1568 2410 1917 2477 supplicare3

304 2482 433 2533 tum‘
457 2483 712 2535 acerbius
735 2482 797 2533 in
829 2483 1075 2549 aliquem
1105 2477 1309 2543 invehi,
1345 2478 1723 2548 insectarique
1742 2477 1914 2532 vehe-

303 2551 574 2601 mentius:
619 2566 761 2617 quae
779 2552 838 2601 in
860 2550 1070 2601 nostris
1089 2550 1257 2600 rebus
1280 2564 1389 2600 non
1410 2548 1553 2600 satis
1574 2547 1827 2609 honeste,
1852 2548 1914 2598 in

303 2618 612 2671 amicorum
631 2621 769 2670 flunt
791 2617 1206 2683 honestissime:
1228 2618 1547 2686 multaeque
1569 2634 1661 2671 res
1682 2623 1830 2679 sunt,
1852 2618 1917 2667 in

304 2686 508 2755 quibus
529 2686 597 2740 de
617 2688 735 2739 suis
767 2688 1072 2741 commodis
1093 2686 1201 2739 viri
1228 2686 1364 2740 boni
1397 2689 1580 2743 multa
1610 2685 1917 2743 detrahunt
