2087 2914
277 172 348 225 60
893 166 1255 219 LAELIUS

226 326 232 335 ,
283 270 484 326 deinde
503 270 692 333 etiam,
735 276 1000 337 quantum
1019 270 1149 332 ille,
1182 284 1347 335 quem
1372 268 1575 338 diligas
1598 264 1763 336 atque
1786 268 1881 321 ad-

280 343 465 404 iuves,
501 342 796 393 sustinere.
873 342 996 393 Non
1019 339 1171 390 enim
1197 346 1261 389 tu
1282 339 1489 405 possis,
1528 338 1881 405 quantumvis

285 410 545 472 excellas,
571 426 759 465 onines
783 415 910 462 tuos
933 406 1006 459 ad
1028 406 1269 459 honores
1290 409 1665 473 amplissimos
1687 406 1879 472 p'erdu-

285 496 408 534 cere
420 496 444 529 ε»
458 486 520 531 ut
537 478 724 543 Scipio
743 478 804 529 P.
823 477 1110 543 Rupilium
1128 478 1311 543 potuit
1324 478 1616 529 Consulem
1636 476 1879 539 efficere,-

283 550 512 604 fratrem
535 549 656 599 eius
675 547 908 599 Lucium
929 547 1261 613 non-potuit.
1319 546 1481 607 Quod
1502 548 1551 597 si
1570 547 1739 605 etiam
1760 560 1881 611 pos-

283 620 359 671 sis
385 616 602 683 quidvis
625 615 843 671 deferre
865 616 936 666 ad
955 616 1221 678 alterum,
1258 614 1663 667 videndum÷est
1682 622 1883 675 tamen,

285 686 416 753 quid
436 685 542 739 ille·
556 686 736 751 possit
753 686 1045 749 sustinere.
1084 684 1169 735 74.
1186 684 1423 735 Omnino
1446 685 1742 746 amicitiae,
1764 698 1884 734 cor-

285 754 560 808 roboratis
581 754 692 805 iam
715 754 1165 820 confirmatisque
1184 760 1242 805 et
1260 755 1497 820 ingenii-s
1516 760 1573 805 et
1586 753 1883 821 aetatibus,

285 822 784 877 iudicandae-sunt:
827 840 955 885 nec,
993 823 1042 873 si
1066 824 1162 889 qui
1194 824 1417 878 ineunte
1438 830 1625 875 aetate
1646 820 1879 873 venandi

285 899 382 947 aut
421 892 568 960 pilae
609 892 848 945 studiosi
889 892 1115 955 fuerint,
1154 908 1253 943 eos
1292 892 1498 945 habere
1538 892 1883 944 necessarios

286 967 525 1029 oportet,
547 976 684 1027 quos
705 968 826 1013 tum
837 962 1033 1015 eodem
1056 962 1243 1013 studio
1258 962 1539 1027 praeditos
1553 961 1883 1012 dilexerunt.

282 1034 398 1085 Isto
423 1032 576 1087 enim·
589 1032 757 1085 modo
777 1032 1020 1081 nutrices
1041 1037 1099 1081 ot
1122 1032 1436 1097 paedagogi
1456 1032 1577 1083 iure
1590 1028 1885 1081 vetustatis

283 1101 582 1169 plurimum
599 1100 1024 1151 benevolentiae
1048 1099 1434 1163 postulabunt3
1452 1100 1550 1167 qui
1570 1096 1887 1166 negligendi

286 1168 504 1237 quidem
545 1182 659 1217 non
698 1169 844 1229 sunt,
881 1167 982 1217 sed
1025 1165 1137 1220 alio
1180 1168 1417 1233 quodam
1454 1168 1653 1220 modo..
1710 1167 1891 1219 Aliter
1920 1182 1932 1189 ‘

288 1236 568 1292 amicitiae
589 1236 820 1287 stabiles
845 1249 1165 1301 permanere
1186 1251 1294 1287 non
1315 1235 1566 1303 possunt.
1620 1236 1889 1302 Dispares

288 1308 434 1361 enim
454 1320 636 1358 mores
661 1305 910 1371 disparia
929 1304 1122 1355 studia
1150 1303 1479 1373 sequuntur,
1522 1321 1755 1374 quorum
1782 1305 1891 1355 dis*-

287 1373 599 1428 similitudo
617 1375 886 1425 dissociat
909 1374 1211 1425 amicitiast
1228 1388 1339 1427 nec
1364 1377 1434 1427 ob
1456 1378 1625 1428 aliam
1638 1389 1888 1426 caussam

287 1444 615 1500 nilamboni,
639 1443 935 1509 improbis,
977 1443 1220 1510 improbi
1248 1446 1406 1496 bonis
1438 1446 1605 1498 amici
1636 1459 1889 1497 essenon

287 1519 539 1583 possunt,
578 1513 685 1564 nisi
701 1513 852 1580 quod
872 1519 1036 1564 tanta
1056 1520 1143 1565 est
1164 1513 1312 1567 inter
1333 1530 1447 1578 eos,
1490 1521 1698 1582 quanta
1720 1513 1899 1565 maxi·-

287 1599 380 1636 ma
399 1589 587 1650 potest
609 1599 748 1646 esse,
767 1599 984 1635 morum
1005 1583 1422 1652 studiorumque
1442 1585 1732 1636 distantia.
1804 1581 1891 1633 75.

289 1654 464 1706 Recte
483 1653 656 1706 etiam
677 1653 925 1721 praecipi
943 1659 1131 1718 potest
1150 1653 1208 1703 in
1232 1655 1516 1717 amicitiis,
1540 1670 1609 1706 ne
1628 1655 1893 1718 intempe-

290 1730 415 1774 rata
436 1723 706 1789 quaedam
729 1723 1136 1784 benevolentia,
1160 1724 1305 1788 quod
1329 1739 1593 1790 persaepe
1618 1723 1700 1785 fit,
1723 1724 1894 1786 impe-

292 1793 417 1844 diat-
433 1804 664 1860 magnas
683 1793 960 1842 utilitates
993 1793 1311 1842 anticorum.
1378 1793 1502 1844 Nec
1522 1793 1664 1844 enim
1678 1828 1693 1853 ,
1734 1796 1797 1841 ut
1820 1787 1905 1840 ad·

213 1925 220 1932 .
290 1861 512 1913 fabulas
529 1860 779 1924 redeam,
801 1861 1030 1912 Troiam
1045 1860 1447 1926 Neoptolemus
1470 1874 1669 1927 capere
1686 1859 1894 1928 potuis·
1944 1907 1951 1911 .

293 1938 396 1994 set,
421 1932 472 1982 si
493 1931 887 1998 Lycomedem,
911 1930 1059 1996 apud
1082 1940 1241 1996 quem
1264 1938 1383 1983 erat
1396 1931 1677 1992 educatus,
1701 1928 1893 1980 multis

293 2017 415 2052 cum
437 2001 680 2052 lacrimis
697 2001 806 2050 iter
825 2015 983 2050 suum
1005 1999 1431 2065 impedientem,
1474 1999 1666 2051 audire
1687 1997 1896 2046 voluis-

191 2119 208 2127 ,
295 2075 400 2120 set.
471 2069 548 2118 Et
569 2083 733 2134 saepe
757 2068 1006 2118 incidunt
1027 2083 1263 2136 magnae
1286 2083 1391 2130 res,
1413 2073 1475 2118 ut
1497 2065 1894 2118 discedendum

295 2139 374 2188 s‘it
393 2137 466 2187 ah
485 2138 706 2188 amieis}
747 2153 884 2202 quas
909 2138 1003 2204 qui
1024 2137 1299 2204 impedi-re
1324 2136 1466 2198 vult,
1510 2134 1657 2202 quod
1678 2133 1896 2188 deside-

295 2207 436 2257 rium
459 2219 568 2256 non
587 2205 764 2256 facile'
779 2206 942 2268 ferat,
962 2207 1014 2256 is
1030 2213 1095 2258 ’et
1112 2207 1366 2257 infirmus
1388 2213 1473 2256 est
1494 2205 1790 2274 mollisque
1804 2219 1897 2254 na-

298 2283 442 2339 tura,
475 2284 532 2328 et
547 2276 620 2326 ob
645 2289 766 2326 eam
788 2278 962 2342 ipsam
987 2287 1237 2327 caussam
1256 2277 1312 2326 in
1335 2276 1583 2328 amicitia
1604 2287 1797 2342 parum
1817 2273 1899 2323 iu-

299 2351 435 2398 stus.
507 2344 592 2396 76.
620 2345 802 2411 Atque
829 2345 885 2394 ln
917 2347 1065 2395 omni
1095 2361 1156 2396 re
1194 2345 1655 2406 considerandum
1688 2350 1801 2405 est,
1842 2347 1899 2394 et

301 2415 432 2478 quid
459 2413 708 2480 postules
739 2414 809 2465 ab
843 2415 1055 2476 amico,
1094 2419 1152 2477 et
1182 2414 1317 2479 quid
1340 2415 1551 2481 patiare
1586 2429 1621 2465 a
1648 2420 1702 2466 te
1724 2409 1895 2480 impe·

293 2483 454 2533 trari.
659 2500 679 2513 ·‘
709 2511 714 2518 ·
781 2511 786 2519 ·
963 2507 968 2514 ‚
1534 2487 1537 2492 “

400 2549 550 2600 XXI.
586 2551 690 2600 Est
713 2551 877 2601 etiam
899 2552 1061 2616 quasi
1084 2549 1348 2616 quaedam
1372 2551 1663 2602 calamitas
1684 2551 1741 2601 in
1764 2546 1894 2602 ami-

298 2615 444 2668 citiis
469 2617 812 2669 dimittendis
835 2633 1236 2682 nonnumquam
1264 2621 1597 2670 necessaria:
1620 2619 1731 2671 iam
1746 2615 1891 2672 enim

301 2701 335 2737 a
357 2686 689 2753 sapientium
719 2686 1205 2740 familiaritatibus
1238 2687 1309 2739 ad
1337 2689 1594 2759 vulgares
1616 2685 1891 2741 amicitias
