2087 2914
270 74 377 130 4⁷2
465 70 925 126 TUSCULAN.
960 69 1671 126 DISPUTATIONUM

267 146 374 247 qfe
394 175 713 242 voluptates
733 173 1064 244 singillatim
1087 179 1482 226 extenuantnrx
1527 187 1764 240 quarum
1786 169 1918 241 ge?

263 259 402 297 nera
420 259 530 296 non
552 249 952 307 contemnunt3=
974 258 1085 294 non
1117 248 1388 310 quaerunt
1415 249 1605 298 tamen
1630 243 1892 309 copiam.

258 313 404 370 Nam
424 319 485 366 et
506 313 773 368 obscenas
795 313 1130 383 voluptates,
1153 311 1224 364 de
1243 313 1440 380 quibus
1459 311 1640 364 multa
1659 313 1732 364 ab
1757 313 1896 364 inis

261 381 501 434 habetur
520 383 723 446 oratio,
744 382 961 444 faciles,
984 395 1318 444 communes,
1337 382 1398 432 in
1415 381 1603 436 medio
1625 382 1774 432 situs
1797 397 1894 434 es-

261 467 323 504 se
346 451 561 504 dicunt=
600 465 801 519 easque
821 452 870 503 si
892 458 1093 503 natura
1111 452 1388 518 requirat,
1417 463 1527 502 non
1545 466 1757 518 genere
1779 457 1894 502 aut

262 521 390 573 loco
412 527 512 573 aut
534 521 747 584 ordine,
779 520 879 574 sed
902 519 1101 583 sonna,
1123 525 1330 582 aetate,
1358 521 1540 586 figura
1561 519 1892 581 metiendas

263 596 485 658 putant:
524 590 597 642 ab
628 591 809 657 iisque
840 589 1122 642 abstinere
1141 589 1367 642 minime
1388 605 1512 644 esse
1533 589 1796 654 difficile,
1831 589 1890 641 si

264 665 364 712 aut
383 658 660 722 valetudo,
682 664 786 710 aut·
798 659 1058 720 officium,
1090 664 1190 710 aut
1209 657 1363 710 fama
1381 659 1657 726 postulet:
1702 659 1888 714 omni-

262 744 443 796 noque
472 743 647 797 genus
677 726 784 780 hoc
810 728 1160 794 voluptatum
1193 729 1444 794 optabile
1483 743 1634 791 esse,
1677 729 1732 780 si
1764 735 1886 780 non

266 798 441 861 obsit;
480 797 745 864 prodesse
781 812 1101 865 numquam.
1173 793 1262 850 95.
1299 799 1616 864 Totumque
1656 795 1770 849 hoc
1806 797 1886 850 de

263 867 553 934 voluptate
576 867 661 918 sie
678 866 779 920 ille
798 867 1090 934 praecipit,
1110 873 1184 919 -ut
1204 867 1550 933 voluptatem
1571 867 1754 935 ipsam
1777 881 1889 934 per

260 951 344 1000 se,
365 936 497 1004 quia
514 935 773 1002 voluptas
796 938 889 999 sit,
918 951 1138 1004 semper
1159 937 1458 1003 optandam
1482 935 1884 1003 expetendam-

264 1020 373 1073 que
398 1011 584 1073 putet:
625 1005 925 1074 eademque
958 1006 1178 1058 ratione
1207 1005 1459 1058 dolorem
1483 1006 1554 1058 ob
1582 1005 1644 1058 id
1673 1006 1888 1072 ipsum,

264 1075 399 1142 quia
418 1071 583 1140 dolor
598 1075 705 1141 sit,
746 1089 965 1141 semper
992 1077 1116 1126 esse
1144 1073 1482 1142 fugiendum.
1553 1075 1752 1142 Itaque
1771 1072 1888 1126 hac

262 1159 495 1196 usurum
518 1144 972 1209 compensatione
996 1144 1325 1210 sapientem,
1347 1151 1410 1198 ut
1428 1145 1774 1212 voluptatem
1792 1141 1884 1194 fu·-

264 1213 415 1280 giat,
456 1212 507 1265 si
526 1227 596 1272 ea
614 1213 889 1266 maiorem
911 1212 1165 1266 dolorem
1195 1212 1466 1268 effectura
1490 1215 1594 1266 sit:
1630 1219 1690 1267 et
1721 1207 1885 1266 dolo-

263 1297 385 1336 rem
433 1282 708 1350 suseipiat
722 1317 741 1346 ,
802 1283 1072 1335 maiorem
1123 1281 1454 1336 efficientem
1503 1283 1884 1350 voluptatem3

266 1351 565 1420 omniaque
601 1351 875 1414 iucunda,
896 1355 1230 1418 quamquam
1259 1368 1424 1404 sensu
1457 1352 1708 1418 corporis
1738 1351 1884 1404 iudi·

267 1426 479 1484 centur,
502 1419 573 1472 ad
594 1420 839 1471 animum
862 1419 1064 1472 referri
1082 1425 1284 1473 tamen.
1342 1421 1430 1475 96.
1461 1421 1736 1489 Quoc'urca
1755 1435 1882 1473 cor-

266 1506 371 1559 pus
391 1490 637 1559 gaudere
654 1494 775 1540 tam
804 1488 898 1541 diu
910 1525 927 1555 ,
968 1489 1103 1540 dum
1125 1498 1472 1557 praesentem
1493 1492 1704 1544 sentiat
1722 1490 1880 1543 volu-

264 1566 505 1629 ptatem3
566 1558 810 1611 animum
850 1567 910 1613 et
944 1566 1299 1627 praesentem
1343 1562 1630 1628 percipere
1666 1557 1878 1628 pariter

266 1645 392 1685 cum
412 1644 666 1698 corpore,
708 1636 765 1681 et
782 1629 1103 1697 prospicere
1121 1631 1451 1693 venientem,
1489 1646 1594 1683 nee
1611 1630 1876 1697 praeteri·
1939 1646 1949 1650 ·
2030 1642 2031 1647 ’

263 1707 383 1752 tam
404 1698 800 1767 praeterfluere
822 1700 1022 1752 sinere.
1079 1700 1166 1751 lta
1183 1706 1484 1768 perpetuas
1504 1706 1562 1753 et
1585 1706 1878 1753 contextas

263 1768 584 1836 voluptates
612 1771 673 1821 in
694 1769 947 1835 sapiente
975 1766 1102 1821 fore
1123 1784 1368 1836 semper,
1407 1784 1573 1837 quum
1597 1776 1875 1836 exspecta·

265 1838 348 1889 tio
370 1844 721 1905 speratarum
740 1838 1091 1905 voluptatum
1107 1874 1122 1901 ,
1163 1844 1552 1906 perceptarum
1573 1840 1874 1905 memoriae

264 1906 1872 2057 {335332‘221‘2223255332'12‘{zzgssffiffla‘zffissss‘z

263 2046 581 2111 epularum,
630 2046 777 2113 quod
824 2062 997 2113 parvo
1039 2047 1194 2099 cultu
1237 2053 1442 2099 natura
1479 2052 1742 2100 contenta
1773 2047 1864 2100 sit.
1921 2070 1950 2092 ··

260 2111 520 2167 XXXIV.
555 2116 642 2167 97.
678 2116 899 2167 Etenim
923 2115 1048 2183 quis
1089 2113 1196 2169 hoc
1223 2131 1333 2168 non
1361 2116 1542 2181 videt,
1581 2116 1864 2170 desideriis

215 2182 224 2191 “
258 2184 373 2235 ista
404 2182 621 2235 condiri
650 2183 871 2237 omnia?
924 2184 1136 2237 Darius
1173 2186 1232 2237 in
1265 2186 1420 2253 fuga,
1465 2202 1636 2252 quum
1674 2178 1862 2253 aquam

259 2248 543 2304 turbidam
568 2258 627 2305 et
647 2252 1013 2305 cadaveribus
1035 2254 1384 2320 inquinatam
1405 2256 1672 2318 bibisset,
1707 2266 1860 2320 nega-

258 2320 345 2369 vit
364 2334 623 2387 umquam
654 2336 716 2372 se
744 2318 960 2373 bibisse
986 2322 1308 2373 iucundius:
1350 2338 1648 2391 numquam
1676 2322 1857 2373 videli-

260 2391 350 2439 cet
366 2388 567 2440 sitiens
587 2389 822 2440 biberat.
862 2386 981 2440 Nec
1004 2391 1253 2443 esuriens
1273 2388 1625 2444 Ptolemaeus
1645 2389 1856 2443 ederat:

257 2454 347 2503 cui
372 2469 537 2519 quum
567 2457 888 2537 peragranti
905 2457 1247 2524 Aegyptum,
1292 2444 1586 2511 comitibus
1605 2472 1718 2509 non
1739 2474 1856 2511 con-

182 2565 193 2575 ,
256 2523 493 2583 secutis,
536 2524 779 2575 cibarius
804 2538 864 2575 m
886 2540 1021 2577 casa
1047 2529 1208 2593 panis
1231 2530 1590 2589 datus-esset,
1625 2525 1766 2579 nihil
1782 2530 1855 2581 vi·

248 2598 375 2640 sum
398 2594 485 2638 est
504 2590 607 2645 illo
628 2606 772 2659 pane
792 2591 1108 2645 iucundius.
1157 2594 1447 2649 Socratem
1471 2594 1678 2661 ferunt,
1701 2614 1854 2667 quum

296 2666 426 2719 '¹que
444 2654 517 2707 ad
535 2672 827 2727 vesperum
848 2663 1162 2717 contentius
1182 2664 1512 2733 ambularet,
1531 2669 1848 2737 quaesitum-
