2087 2914
247 45 314 106 14
781 45 998 100 cATo
1031 43 1307 98 MAIOR

245 150 654 219 tempestivitas
671 155 760 204 est
779 149 941 214 data3
968 153 1109 202 ut-et
1128 145 1421 200 infirmitas
1440 157 1757 214 puel-ormo,
1784 152 1847 198 et

245 219 512 274 ferocitas
531 221 808 282 iuvenum,
831 225 890 272 et
908 217 1159 288 gravitas
1170 217 1292 269 iam
1304 216 1611 268 constantis
1624 215 1847 280 aetatis,

245 295 302 342 et
341 290 648 342 senectutis
685 290 984 341 maturitas
1029 287 1285 340 naturale
1323 285 1588 356 quiddam
1626 283 1851 347 habeat,

246 357 394 426 quod
428 375 529 410 suo
561 365 812 426 tempore
839 358 1057 426 percipi
1084 357 1301 411 debeat.
1372 355 1459 410 34.
1503 356 1757 408 Arbitror
1788 359 1851 406 te

245 427 460 492 audire,
481 427 696 495 Scipio,
736 427 938 494 hospes
957 433 1087 479 tuus
1104 428 1310 490 avitus,
1346 425 1667 488 Masinissa,
1706 437 1852 494 qnae

249 495 425 551 faciat
445 495 634 560 hodie,
654 499 958 564 nonaginta
977 498 1153 550 annos
1170 503 1359 550 natus:
1378 511 1546 564 quum
1568 494 1852 564 ingressus

249 567 360 620 iter
379 567 614 634 pedibus
629 565 736 630 sit,
773 567 831 618 in
850 580 1049 636 equum
1072 567 1296 618 omnino
1329 581 1443 618 non
1484 563 1854 628 adscendereg

251 649 428 706 quum
449 650 619 703 equo,
661 650 735 689 ex
761 651 904 704 equo
933 652 1047 689 non
1076 634 1437 690 descenderet
1479 635 1637 686 nullo
1654 633 1853 694 imbre,

252 704 410 755 nullo
431 704 648 772 frigore
667 705 886 769 adduci,
922 711 988 758 ut
1009 705 1197 774 capite
1220 711 1417 772 operto
1436 705 1539 758 sita
1580 715 1855 754 summam

249 772 310 824 in
331 787 400 824 eo
421 788 544 825 esse
569 775 820 842 corporis
839 775 1177 832 siccitatem:
1197 777 1391 843 itaque
1411 771 1641 840 exsequi
1664 770 1855 824 omnia

254 842 424 915 Regis
445 839 631 894 officia
651 848 708 896 et
722 858 968 898 munera.
1038 845 1231 898 Potest
1248 845 1425 913 igitur
1444 841 1774 895 exercitatio
1796 845 1857 893 et

252 913 622 978 temperantia
663 912 833 967 etiam
869 913 929 964 in
967 919 1263 968 senectute
1280 927 1609 967 conservare
1640 909 1857 979 aliquid
1926 915 1939 919 “

155 1021 160 1026 .
255 981 482 1047 pristini
505 981 742 1036 roboris.
811 982 908 1034 XI.
943 982 1073 1034 Non
1097 988 1229 1036 sunt
1256 983 1316 1034 in
1354 986 1643 1036 senectute
1672 979 1857 1032 viresi

253 1050 340 1103 Ne
359 1051 716 1117 postulantur
743 1051 967 1119 quidem
997 1050 1209 1104 vireta
1236 1057 1540 1106 senectute.
1609 1051 1765 1118 Ergo
1796 1055 1856 1102 et

254 1119 474 1188 legibus
495 1126 552 1172 et
569 1120 847 1172 institutis
867 1126 1032 1172 vacat
1052 1125 1211 1173 aetas
1230 1128 1427 1176 nostra
1435 1119 1857 1184 muneribusiis,

254 1203 397 1256 quae
420 1203 532 1242 non
550 1194 784 1257 possunt
805 1189 928 1242 sine
943 1189 1157 1254 viribus
1178 1191 1461 1243 sustineri.
1529 1191 1724 1257 Itaque
1744 1201 1858 1241 non

255 1258 441 1322 modo,
461 1259 610 1326 quod
633 1273 744 1311 non
761 1273 1073 1326 possumus,
1094 1259 1193 1313 sed
1213 1265 1554 1328 acquantum
1566 1273 1857 1326 possumus
1954 1319 1961 1326 .

259 1327 500 1396 quidem,
519 1329 788 1396 cogimur.
851 1328 1030 1382 35.·At
1046 1331 1132 1382 ita
1152 1331 1316 1382 multi
1334 1336 1465 1382 sunt
1484 1328 1756 1382 imbecilli
1776 1343 1861 1382 se-

193 1457 203 1466 ,
261 1413 390 1461 nes,
407 1404 413 1408 “
429 1403 496 1449 ut
514 1398 730 1450 nullum
751 1397 925 1450 oflicii
945 1404 1045 1451 aut
1074 1399 1297 1452 omnino
1318 1399 1469 1452 vitae
1488 1413 1685 1450 munus
1708 1413 1861 1452 exse-
1926 1397 1931 1402 “

261 1468 354 1535 qui
373 1469 608 1535 possint.
679 1469 754 1520 At
773 1468 833 1520 id
861 1466 1097 1536 quidem'
1114 1484 1225 1521 non
1252 1470 1538 1539 proprium
1560 1468 1860 1522 senectutis

260 1543 346 1590 est
367 1538 582 1602 vitium,
605 1538 704 1591 sed
723 1536 1014 1592 commune
1033 1540 1393 1592 valetudinis.
1433 1539 1613 1601 Quam
1634 1538 1742 1591 fuit
1758 1538 1864 1590 im-

260 1607 496 1659 becillus
515 1608 577 1662 P.
597 1606 845 1660 Africani
863 1610 1014 1661 filius
1030 1609 1116 1673 is,
1150 1610 1244 1678 qui
1262 1615 1321 1663 te
1340 1607 1655 1676 adoptavit!
1695 1622 1863 1675 quam

240 1743 243 1745 ,
263 1677 413 1730 tenui
431 1683 530 1729 aut
549 1677 704 1730 nulla
722 1678 911 1746 potius
927 1678 1275 1749 valetudine!
1298 1679 1463 1741 Quod
1482 1678 1542 1730 ni
1552 1678 1635 1731 ita
1644 1678 1863 1742 fuisset,

261 1746 503 1799 alterum
541 1747 640 1800 ille
668 1748 982 1812 exstitisset
1017 1749 1206 1801 lumen
1232 1748 1495 1801 civitatis.
1565 1747 1649 1801 Ad
1682 1754 1863 1815 pater·

263 1831 388 1867 nam
409 1816 1012 1885 enimmagnitudinem
1039 1818 1211 1869 animi
1238 1816 1497 1871 doctrina
1523 1818 1755 1871 uberior
1776 1830 1865 1869 ac·

261 1892 524 1939 cesserat.
596 1886 746 1948 Quid
775 1888 977 1940 mirum
1002 1886 1183 1956 igitur
1209 1887 1271 1940 in
1298 1889 1549 1953 senibus,
1590 1887 1640 1938 si
1658 1884 1865 1938 infirmi

261 1961 388 2007 sunt
405 1956 726 2024 aliquando,
747 1972 911 2023 quum
929 1957 991 2009 id
1007 1974 1077 2011 ne
1098 1957 1480 2010 adolescentes
1492 1956 1714 2023 quidem
1730 1953 1864 2007 effu·

265 2039 394 2092 gere
416 2025 634 2091 possint
644 2026 666 2077 ’ξ
677 2025 1095 2089 Resistendum,
1116 2026 1278 2078 Laeli
1290 2033 1351 2079 et
1362 2026 1571 2092 Scipio,
1590 2022 1867 2078 senectuti

265 2099 379 2157 est,
401 2094 630 2161 eiusque
643 2095 787 2147 vitia
803 2096 1101 2163 diligentia
1120 2090 1525 2162 compensanda
1543 2096 1690 2148 sunt.
1760 2092 1867 2147 Pu.

265 2162 562 2231 gnandum,
579 2159 867 2231 tamquam
887 2172 1084 2218 contra
1100 2167 1369 2229 morbum,
1389 2165 1473 2217 sic
1490 2169 1691 2218 contra
1710 2178 1867 2215 sene·

266 2239 492 2286 ctutem.
527 2232 614 2287 36.
629 2234 902 2287 Habenda
921 2236 1069 2288 ratio
1088 2235 1450 2289 valetudinis:
1486 2235 1751 2287 utendum
1774 2247 1867 2285 ex·
1923 2264 1931 2267 -

267 2303 694 2357 ercitationibus
713 2304 974 2357 modicis:
998 2307 1215 2375 tantum
1236 2305 1350 2358 cibi
1369 2312 1428 2359 et
1448 2304 1693 2373 potionis
1716 2301 1871 2355 adhi-

191 2402 207 2409 ·
266 2374 524 2439 bendum,
545 2381 610 2427 ut
627 2374 956 2427 reficiantur
975 2376 1146 2439 vires,
1166 2390 1279 2427 non
1300 2376 1701 2443 opprimantur.
1750 2370 1869 2423 Nec

273 2458 402 2495 vero
423 2445 647 2510 corpori
665 2445 778 2497 soli
799 2446 1235 2513 subveniendum
1254 2450 1359 2509 est,
1390 2444 1490 2497 sed
1506 2438 1684 2495 menti
1704 2447 1869 2507 atque

272 2512 458 2564 animo
487 2514 667 2566 multo
697 2516 894 2583 magis.
965 2515 1111 2567 Nam
1142 2514 1283 2567 haec
1308 2528 1559 2580 quoque,
1596 2510 1705 2563 nisi
1732 2516 1869 2561 tam·

279 2595 435 2633 *uam
456 2581 654 2633 lumini
677 2583 859 2643 oleum
877 2584 1139 2649 insfflleffi
1178 2584 1610 2652 stfil'lguuntur
1626 2585 1870 2637 senectu-
