2087 2914
259 101 294 151 2
797 98 1015 151 CATO
1051 98 1322 153 MAIOR

213 260 218 266 ‚
254 200 380 263 Hic,
419 197 677 253 cicerone
693 198 869 253 tribue
889 201 1048 255 aunis
1069 201 1277 266 maior,
1316 217 1379 257 eo
1400 210 1641 272 tempore
1660 218 1857 259 annun
1896 234 1915 247 -

253 268 459 339 agebat
479 270 888 358 sexagesimum
901 279 1131 325 sextum.

253 406 297 459 1.
319 404 368 459 1.
402 372 478 453 0
507 404 650 470 Tite,
672 407 721 459 ei
739 405 875 475 quid
893 424 991 477 ego
1011 408 1225 473 adiuro,
1242 424 1494 462 curamve
1511 410 1741 472 levam,

399 477 554 541 Quae
574 492 716 529 nunc
738 485 794 527 te
814 476 1000 545 coquit
1015 488 1074 530 et
1094 488 1294 543 versat,
1317 477 1375 533 in
1389 477 1771 548 pectorefixa,

395 545 620 613 Ecquid
649 544 755 597 erit
769 546 946 613 pretii
955 547 980 597 3

256 612 421 665 Licet
453 615 601 667 enim
643 614 894 665 versibus
935 614 1135 667 iisdem
1166 612 1307 667 mihi
1338 614 1505 668 affari
1529 620 1617 679 te,
1660 614 1857 682 Attice,

257 683 456 751 quibus
479 682 685 735 affatur
705 682 1077 735 Flamininum

395 751 496 804 Ille
511 751 615 814 eir,
634 750 783 804 houd
798 768 999 823 magna
1022 768 1143 805 cum
1165 769 1242 815 re,
1257 751 1545 821 sedplenu'
1561 752 1719 823 fidei.

257 820 603 887 Quamquam
627 827 782 873 certo
804 823 944 885 scio,
967 837 1097 885 non,
1117 828 1181 873 ut
1198 822 1585 885 Flamininum,

401 889 706 943 Sollicitari
726 899 798 954 te,
831 890 972 955 Tite,
993 892 1073 944 sic
1094 900 1378 959 noctesque
1400 890 1628 960 diesque.

257 958 407 1013 Novi
439 960 584 1011 enim
614 960 1057 1015 moderationem
1088 962 1257 1013 animi
1286 961 1370 1011 tui
1406 966 1464 1013 et
1501 960 1861 1029 aequitatem,

257 1035 425 1097 teque
444 1044 554 1080 non
577 1044 882 1097 cognomen
905 1030 1092 1081 seium
1112 1028 1341 1081 Athenis
1370 1028 1723 1097 deportasse,
1761 1024 1885 1080 sed·

255 1096 659 1150 humanitatem
685 1103 742 1149 et
770 1097 1122 1163 prudentiam
1149 1097 1430 1164 intelligo.
1501 1098 1578 1149 Et
1598 1103 1786 1150 tamen
1804 1103 1861 1150 te

151 1222 160 1242 ¹
257 1169 510 1233 suspicor
545 1165 744 1217 iisdem
782 1168 976 1229 rebus,
1019 1166 1216 1233 quibus
1244 1166 1542 1231 meipsum,
1581 1166 1859 1219 interdum

259 1236 484 1304 gravius
507 1235 871 1286 commoveriz
892 1250 1128 1301 qum-um
1142 1235 1451 1286 consolatio
1472 1240 1531 1287 et
1547 1236 1733 1287 maior
1756 1242 1860 1299 est,

259 1311 318 1359 et
337 1306 394 1357 in
414 1303 568 1355 aliud
597 1309 813 1371 tempus
837 1303 1165 1355 differendo.
1236 1302 1399 1355 Nunc
1420 1309 1607 1356 autem
1630 1304 1763 1357 mihi
1783 1304 1863 1356 vi-

259 1390 380 1426 sum
411 1379 498 1424 est
527 1374 590 1425 de
615 1372 902 1427 Senectute
931 1372 1008 1424 ali
1050 1371 1147 1423 uid
1180 1371 1253 1424 ad
1278 1377 1340 1424 te
1371 1374 1738 1436 conscribere.
1806 1373 1862 1429 2.

260 1444 390 1496 Hoc
407 1442 553 1494 enim
574 1440 774 1505 onere,
787 1441 935 1509 quod
955 1442 1031 1492 mi
1072 1441 1295 1494 itecum
1316 1455 1603 1496 commune
1628 1448 1731 1507 est,
1764 1450 1865 1496 aut

259 1515 370 1564 iam
389 1513 640 1578 urgentis
663 1517 762 1564 aut
783 1517 934 1564 certe
955 1512 1303 1563 adventantis
1324 1513 1629 1566 senectutis
1650 1518 1707 1564 et
1727 1519 1787 1564 te
1806 1520 1866 1565 et

259 1582 528 1648 meipsum
565 1581 743 1634 lovari
769 1580 920 1646 volo.
990 1581 1117 1632 Etsi
1137 1587 1195 1632 te
1215 1579 1439 1648 quidem
1468 1580 1529 1632 id
1556 1581 1775 1634 modice
1798 1597 1865 1634 ac
1908 1580 1914 1585 ’

259 1652 558 1718 sapienter,
587 1651 736 1704 sicut
765 1651 971 1714 omnia,
1002 1656 1062 1702 et
1090 1649 1240 1703 ferre
1262 1656 1319 1702 et
1340 1651 1583 1703 laturum
1604 1659 1726 1704 esse
1748 1667 1863 1723 cer7

259 1727 321 1772 to
341 1720 478 1773 scio.
523 1719 636 1773 Sed
657 1718 814 1782 mihi,
837 1735 1004 1787 quum
1023 1719 1093 1772 de
1112 1726 1399 1773 senectute
1422 1720 1639 1789 aliquid
1658 1721 1862 1774 vellem

259 1790 523 1852 scribere,
553 1795 618 1842 tu
641 1791 968 1842 occurrebas
993 1789 1194 1858 dignus
1216 1805 1282 1841 eo
1304 1805 1549 1854 munere,
1588 1805 1694 1858 quo
1716 1797 1865 1842 uter·

261 1875 370 1926 que
385 1865 639 1912 nostrum
661 1859 1028 1914 communiter
1047 1865 1317 1913 uteretur.
1370 1859 1517 1912 Mihi
1538 1860 1760 1928 quidem
1780 1860 1867 1911 ita

261 1928 504 1982 iucunda
544 1927 710 1980 huius
751 1929 885 1980 libri
923 1929 1202 1982 confectio
1245 1928 1386 1994 fuit,
1438 1935 1505 1982 ut
1545 1943 1657 1980 non
1694 1927 1865 1994 modo
1945 1925 1950 1929 '

261 2013 454 2050 omnes
473 1999 803 2052 absterserit
823 2001 1125 2052 senectutis
1142 1999 1451 2062 molestias,
1492 1998 1589 2050 sed
1613 1997 1868 2050 effecerit

231 2115 240 2118 -
263 2066 490 2119 mollem
513 2068 685 2119 etiam
718 2072 782 2118 et‘
803 2067 1099 2118 iucundam
1122 2073 1485 2119 senectutem.
1554 2066 1867 2133 Numquam

263 2135 436 2202 igitur
467 2136 608 2186 satis
639 2134 859 2188 laudari
891 2135 1059 2202 digne
1099 2137 1312 2202 poterit
1349 2133 1737 2202 philosophia,
1774 2135 1867 2188 cui

263 2205 356 2272 qui
375 2211 589 2271 pareat,
612 2219 776 2256 omne
793 2209 1012 2271 tempus
1037 2205 1240 2257 aetatis
1262 2204 1383 2257 sine
1403 2203 1666 2256 molestia
1685 2205 1871 2272 possit

265 2275 484 2342 degere.
540 2273 591 2326 3.
623 2272 731 2326 Sed
755 2272 822 2325 de
843 2275 1049 2328 ceteris
1070 2280 1130 2328 et
1146 2273 1387 2326 diximus
1404 2274 1597 2338 multa,
1621 2280 1678 2327 et
1700 2288 1871 2340 saepe

265 2343 541 2396 dicemus:
584 2341 730 2394 hunc
757 2343 960 2396 librum
996 2347 1065 2397 de
1094 2352 1363 2397 senectute
1396 2343 1469 2396 ad
1498 2351 1556 2396 te
1595 2343 1890 2408 misimus„

265 2413 496 2465 Omnem
519 2419 706 2466 nutem
727 2428 1038 2466 sermonem
1059 2414 1353 2466 tribuimus
1374 2428 1486 2464 non
1504 2409 1770 2475 Tithono,
1801 2417 1871 2464 ut

266 2482 450 2536 Aristo
473 2483 670 2546 Chius,
709 2499 778 2536 ne
798 2499 990 2551 parum
1015 2489 1163 2538 esset
1182 2482 1538 2535 auctoritatis
1558 2483 1615 2534 in
1644 2480 1869 2547 fabu1a3

268 2551 368 2604 sed
387 2551 466 2604 Μ.
491 2553 690 2604 Catoni
711 2555 850 2616 seni,
867 2568 977 2622 quo
998 2555 1269 2606 maiorem
1289 2553 1681 2606 auctoritatem
1700 2553 1872 2604 habe·

263 2627 356 2674 ret
381 2624 596 2688 orati03
640 2623 791 2692 apud
815 2639 983 2693 quem
1009 2623 1267 2677 Laelium
1296 2627 1354 2678 ct
1383 2619 1701 2693 Scipionem
1731 2621 1867 2675 fat-,i-
