2087 2914
489 143 604 198 ΒΕ
641 143 1155 200 SENECTUTE
1194 144 1359 201 cAP.
1398 144 1480 202 16.
1518 144 1605 202 1⁷.
1778 143 1853 202 2³

243 247 596 302 Dictatsrem
625 263 746 302 esse
777 247 1008 300 factum:
1050 247 1207 300 cuius
1222 247 1533 302 DictatorIs
1560 249 1719 301 iussu
1737 261 1854 302 ma·

241 318 426 388 gister
453 318 706 384 equitum
727 317 788 370 C.
814 315 1087 370 Servilius
1116 315 1297 370 Ahala
1315 317 1409 386 Sp.
1430 317 1729 382 Maelium,
1766 331 1854 370 re·

241 402 412 509 {num
435 392 812 453 appetentem,
849 393 1176 468 occupaturi
1195 387 1501 440 interemit.
1521 455 1535 468 ⁶
1570 388 1618 440 A
1635 386 1773 439 villa
1791 385 1854 438 in

283 461 510 508 enatum
530 457 948 508 arcessebantur
967 461 1024 508 et
1046 457 1263 520 Curius,
1286 461 1342 508 et
1364 462 1541 508 ceteri
1559 470 1743 508 senes:
1781 469 1851 510 ex

235 539 376 592 quo,
423 523 520 590 qui
563 539 660 576 eos
691 526 1073 588 arcessebant,
1113 525 1359 578 viatores
1400 523 1674 578 nominati
1703 529 1851 580 sunt.

236 593 386 674 Num
415 593 588 675 igitur
615 608 808 646 eorum
843 599 1099 648 senectus
1128 594 1467 676 miserabilis
1495 594 1631 656 fuit,
1674 594 1852 676 quise

239 677 391 786 353³
406 662 1051 786 2¹0¹2¹322⁰nffil⁰1522¹23¹3
1060 663 1531 796 {sssstzsszssfffz‘
1560 669 1854 786 3ἵὲῗὲῗέ

241 799 446 862 officio,
479 799 628 868 quod
647 798 931 852 hominum
953 802 1150 869 generi
1168 749 1425 855 uxiverso
1447 748 1670 854 cuftura
1691 815 1854 869 agro·

237 885 366 924 rum
386 875 472 920 est
491 869 775 933 salutaris,
813 869 915 924 sed
934 879 991 923 et
1009 869 1401 935 delectatione,
1430 885 1593 938 quam
1617 870 1753 933 dixi,
1794 873 1853 922 et

143 963 155 975 -
239 938 545 1008 saturitate
565 938 836 1005 copiaque
866 939 1113 990 omnium
1133 953 1344 1002 rerum,
1386 939 1620 1006 quaead
1643 939 1854 991 victum

240 1005 552 1071 hominum,
595 1005 670 1060 ad
697 1007 908 1060 cultum
949 1007 1122 1060 etiam
1152 1006 1397 1060 Deorum
1427 1008 1729 1076 pertinent:
1771 1011 1853 1070 ut,

241 1077 504 1144 quoniam
544 1075 684 1130 haec
723 1076 948 1145 quidam
989 1075 1338 1141 desiderant,
1376 1077 1435 1128 in
1468 1077 1711 1146 gratiam
1740 1075 1852 1128 iam

243 1160 376 1200 cum
403 1144 696 1214 voluptate
730 1146 1045 1199 redeamus.
1118 1143 1348 1214 Semper
1382 1147 1527 1199 enim
1555 1145 1689 1199 boni
1719 1145 1854 1198 assi-

242 1214 447 1281 duique
469 1213 678 1266 domini
699 1214 912 1269 referta
939 1215 1085 1268 cella
1112 1215 1359 1279 vinaria,
1398 1216 1639 1280 olearia,
1682 1215 1852 1266 etiam

239 1283 478 1352 penaria
501 1289 604 1347 est,
623 1283 870 1353 villaque
889 1290 1016 1337 tota
1033 1284 1287 1351 locuples
1312 1290 1420 1336 estz
1456 1283 1705 1336 abundat
1724 1298 1852 1350 por·

239 1367 340 1416 eo,
370 1351 582 1415 haedo,
613 1367 773 1419 agno,
801 1353 1040 1421 gallina,
1066 1353 1245 1416 lacte,
1269 1369 1461 1416 caseo,
1480 1353 1665 1406 melle.
1734 1352 1851 1403 Iam

239 1415 468 1477 hortum
501 1421 616 1490 ipsi
644 1422 925 1491 agricolae
955 1421 1263 1477 succidiam
1288 1423 1523 1477 alteram
1548 1421 1853 1491 appellant.

243 1490 454 1559 [Tum]
485 1491 802 1545 conditiora
841 1492 983 1545 facit
1013 1490 1152 1545 haec
1178 1493 1581 1561 supervacanei
1614 1490 1850 1561 [etiam]

240 1560 432 1627 operis
455 1560 750 1627 aucupium
771 1568 940 1629 atque
959 1562 1202 1615 venatio.
1272 1560 1361 1613 57.
1404 1560 1551 1623 Quid
1577 1561 1646 1613 (le
1666 1566 1852 1629 prato·

243 1644 368 1682 rum
387 1628 694 1691 viriditate,
717 1636 816 1681 aut
839 1630 1103 1681 arborum
1128 1628 1431 1693 ordinibus,
1444 1635 1543 1681 aut
1562 1629 1850 1683 vinearum

243 1698 684 1764 olivetorumque
703 1699 890 1764 specie
911 1696 1129 1751 dicam'ss
1147 1698 1317 1751 Brevi
1335 1697 1672 1765 praecidam.
1701 1698 1851 1765 Agra

240 1768 383 1821 bene
405 1766 557 1819 culto
578 1766 661 1819 nil
683 1772 871 1833 potest
893 1782 1015 1820 esse
1037 1783 1140 1821 nec
1160 1783 1264 1820 usu
1285 1768 1529 1830 uberius,
1542 1782 1646 1819 nec
1662 1766 1853 1834 specie

239 1836 523 1889 ornatius:
565 1835 640 1889 ad
671 1851 834 1903 quem
863 1835 1157 1889 fruendum
1196 1852 1309 1889 non
1336 1836 1505 1889 modo
1534 1852 1647 1889 non
1677 1841 1853 1887 retar-

239 1904 370 1967 dat,
406 1919 594 1957 vorum
636 1904 1053 1965 etiamjnvjtat
1097 1911 1267 1971 atque
1309 1905 1540 1957 allectat
1578 1908 1852 1957 senectus.

241 1973 350 2027 Ubi
375 1974 521 2026 enim
552 1979 743 2040 potest
773 1970 880 2025 illa
907 1978 1066 2024 aetas.
1094 1977 1194 2024 aut
1227 1973 1507 2025 calescere
1528 1972 1621 2024 vel
1641 1973 1855 2039 aprica·

237 2044 394 2097 tione
421 2042 622 2098 melius
650 2042 741 2093 vel
773 2042 922 2109 igni,
967 2047 1065 2095 aut
1095 2042 1343 2095 vicissim
1385 2041 1598 2095 umbris
1623 2042 1852 2109 aquisve

235 2110 564 2179 refrigerari
583 2111 896 2165 salubrius?
953 2111 1040 2165 58.
1074 2111 1197 2165 Sibi
1217 2112 1393 2181 igitur
1412 2108 1655 2171 habeant
1675 2124 1851 2173 arma,

237 2180 351 2233 sibi
373 2196 564 2247 equos,
605 2180 714 2235 sibi
733 2178 942 2246 hastas,
979 2182 1089 2234 sibi
1112 2182 1345 2246 clavam,
1383 2182 1492 2236 sibi
1513 2182 1703 2249 pilam,
1744 2179 1853 2232 sibi

237 2251 560 2303 natationes
601 2256 660 2302 et
701 2266 918 2303 cursus:
957 2252 1123 2306 nobis
1160 2252 1385 2307 senibus
1428 2267 1499 2305 ex
1541 2249 1851 2301 lusionibus

241 2318 436 2373 multis
467 2318 619 2371 talos
647 2319 966 2385 relinquant
987 2324 1046 2371 et
1066 2329 1338 2383 tesseras3
1378 2319 1435 2371 id
1460 2319 1640 2386 ipsum
1663 2322 1850 2369 utrum

239 2382 489 2447 lubebit3
513 2388 773 2454 quoniam
796 2389 917 2442 sine
937 2385 1026 2441 his
1043 2390 1212 2441 beata
1232 2404 1355 2441 esse
1374 2392 1631 2438 senectus
1650 2391 1853 2451 potest.

241 2454 416 2511 xvll.
451 2454 540 2509 59.
575 2456 788 2509 Multas
809 2464 881 2510 ad
903 2472 994 2509 res
1023 2456 1296 2525 perutiles
1319 2453 1703 2523 Xenophontis
1722 2452 1857 2507 libri

243 2531 400 2579 sunt:
425 2539 564 2594 quos
586 2525 784 2594 legite,
806 2540 1032 2595 quaeso,
1055 2525 1323 2587 studiose,
1342 2530 1406 2574 ut
1426 2523 1629 2577 facitis.
1673 2524 1854 2587 Quam

245 2594 481 2661 copiose
510 2594 579 2647 ab
613 2610 682 2647 eo
823 2596 1067 2648 'cultura
1094 2593 1359 2646 laudatur
1376 2592 1434 2643 in
1453 2606 1521 2644 eo
1539 2593 1715 2653 libro,
1758 2589 1855 2655 qui

245 2668 340 2715 est
358 2662 430 2717 de
449 2662 658 2715 tuenda
675 2678 738 2718 re
785 2664 1046 2729 amiliari,
1066 2662 1161 2733 qui
1180 2661 1584 2717 Oeconomicus
1603 2656 1854 2712 inscribi-
