2087 2914
1537 119 1572 143 Χ

510 171 624 224 ΒΕ
657 173 1052 227 AMICITIA
1084 173 1253 228 CAP.
1274 172 1359 226 19.
1380 174 1469 228 2⁰.
1722 173 1793 227 59

199 274 412 330 amieis.
457 273 525 336 Q.
545 289 678 326 vero
689 274 992 328 Maximum
1014 275 1265 339 fratrem,
1289 275 1571 346 egregium
1596 278 1791 340 virum,

201 346 426 396 omnino
445 343 554 394 sibi
574 359 914 411 nequaquam
937 359 1147 412 parem,
1191 346 1339 414 quod
1362 347 1411 396 is
1433 346 1679 398 anteibat
1701 361 1792 398 ne-

203 420 344 474 tate,
383 419 668 478 tamquam
689 413 1027 479 superiorem
1052 415 1288 478 colebat,
1325 429 1564 480 suosque
1584 428 1793 476 omnes,

201 497 298 550 per
319 495 380 532 se
400 495 522 532 esse
545 481 837 547 ampliores
859 480 1101 535 volebat.
1172 485 1257 535 70.
1291 483 1454 544 Quod
1475 481 1789 534 faciendum

200 549 638 618 imitandumque
659 550 1036 603 est-omnibus:
1061 556 1141 614 nt,
1162 551 1384 618 siquam
1400 550 1793 619 praestantiam

200 617 442 680 virtutis,
460 617 684 684 ingenii,
717 617 977 672 fortunae
995 621 1279 672 consecuti
1300 629 1442 683 sunt,
1465 620 1792 688 impertiant

204 703 270 740 ea
288 687 422 748 suis,
449 687 952 754 communicentque
973 705 1095 742 cum
1116 690 1409 757 proximis:
1428 696 1509 752 ut,
1530 690 1581 740 si
1602 680 1794 756 paien-

206 757 358 806 tibus
381 755 498 806 nati
516 755 627 806 sint
647 753 965 819 humilibus,
993 760 1052 808 si
1078 758 1414 826 propinquos
1428 757 1677 810 'habeant
1695 759 1794 808 im·

203 823 520 876 becilliores
557 825 650 876 vel
685 825 872 876 auimo
915 827 1006 878 vel
1046 827 1285 889 fortuna,
1328 842 1521 878 eorum
1556 831 1798 893 augeant

208 907 369 958 opes,
409 892 592 957 eisque
619 890 822 944 honori
844 895 962 944 sint
989 901 1046 946 et
1080 894 1365 961 dignitatiz
1406 902 1468 945 ut
1494 896 1550 945 in
1571 893 1796 954 fabulis,

208 960 305 1028 qui
328 959 662 1026 aliquamdiu
681 967 912 1028 propter
933 963 1337 1030 ignorationem
1357 963 1546 1028 stirpis
1568 968 1625 1012 et
1636 975 1795 1028 gene·

201 1030 288 1082 ris
319 1025 376 1078 in
406 1026 680 1081 famulatu
707 1029 946 1092 fuerint,
993 1045 1159 1098 quum
1192 1030 1407 1098 cogniti
1435 1031 1586 1093 sunt,
1626 1037 1683 1082 et
1701 1035 1797 1080 aut

204 1099 453 1150 Deorum
476 1103 571 1148 aut
588 1098 802 1166 Regum
822 1099 928 1150 filii
946 1099 1187 1162 inventi,
1231 1101 1477 1152 retinent
1493 1105 1677 1152 tamen
1706 1113 1796 1151 ea-

206 1167 431 1218 ritatem
461 1165 520 1216 in
550 1173 826 1232 pastores,
870 1183 1005 1234 quos
1039 1175 1227 1236 patres
1256 1168 1459 1222 multos
1480 1183 1651 1220 annos
1674 1181 1797 1221 esse

207 1235 498 1286 duxerunt.
573 1235 736 1297 Quod
768 1237 944 1288 multo
973 1239 1228 1304 proeeeto
1266 1237 1443 1306 magis
1465 1239 1523 1289 in
1540 1237 1687 1289 veris
1706 1245 1798 1304 pa·'
1870 1291 1877 1303 ,

203 1305 380 1356 tribus
402 1303 676 1370 certisque
697 1303 1028 1359 faciendum.
1087 1307 1322 1358 Fructus
1346 1307 1490 1358 enim
1508 1305 1721 1373 ingenii
1742 1311 1801 1356 et

203 1372 430 1424 virtutis
469 1373 756 1439 omnisque
797 1375 1173 1440 praestantiae
1201 1380 1321 1425 tum
1353 1375 1625 1426 maximus
1654 1373 1802 1440 capi·

206 1447 316 1505 tur,
340 1456 503 1508 quum
526 1441 583 1492 in
607 1443 919 1509 proximum
932 1460 1210 1511 quemque
1233 1443 1531 1497 confertur.
1576 1439 1800 1497 XX.⁷1.

208 1511 281 1563 Ut
308 1512 480 1577 igitur
509 1510 580 1573 ii,
626 1512 716 1577 qui
746 1520 876 1564 sunt
905 1514 964 1565 in
987 1515 1271 1566 amicitiae
1293 1513 1801 1578 coniunctionisque

207 1577 616 1632 necessitudine
638 1583 951 1647 superiores
964 1618 980 1645 ,
1019 1597 1331 1648 exaequare
1352 1598 1411 1635 se
1432 1596 1555 1633 cum
1574 1580 1801 1635 inferio·

207 1648 359 1700 ribus
381 1647 608 1699 debentz
653 1650 732 1699 sie
748 1649 1040 1701 inferiores
1061 1666 1175 1701 non
1196 1650 1405 1712 dolere,
1434 1665 1495 1702 se
1515 1664 1549 1699 a
1570 1650 1683 1701 suis
1705 1654 1802 1701 aut

153 1775 160 1783 ,
208 1716 429 1785 ingenio
451 1722 548 1769 aut
566 1715 792 1769 fortuna
814 1724 910 1769 aut
931 1719 1209 1787 dignitate
1228 1719 1500 1784 superari.
1548 1715 1801 1779 Quorum

207 1786 458 1852 plerique
479 1791 575 1836 aut
595 1794 894 1855 queruntur
915 1804 1133 1855 semper
1154 1788 1383 1855 aliquid,
1402 1792 1501 1838 aut
1522 1789 1689 1839 ctiam
1710 1800 1801 1838 ex-

203 1855 500 1921 probrant:
525 1870 698 1921 eoque
718 1858 914 1924 magis,
935 1858 987 1907 si
1009 1856 1212 1909 habere
1232 1872 1293 1909 se
1312 1861 1528 1923 putant,
1550 1854 1698 1922 quod
1722 1854 1801 1907 of·

206 1924 400 1975 ficiose
441 1929 498 1974 et
534 1924 708 1976 amice
750 1931 808 1976 et
847 1940 971 1976 cum
1011 1925 1205 1977 labore
1236 1924 1423 1991 aliquo
1460 1940 1560 1975 suo
1590 1923 1799 1975 factum

203 1996 413 2059 queant
432 1990 632 2044 dicere.
672 1993 936 2044 Odiosum
959 2008 1094 2045 sane
1114 1990 1595 2061 genushominum,
1618 1992 1805 2047 officia

207 2060 686 2127 exprobrantium:
728 2078 867 2129 quae
897 2063 1211 2115 meminisse
1240 2062 1405 2115 debet
1434 2062 1510 2125 is,
1552 2062 1606 2113 in
1638 2076 1800 2131 quem

207 2130 420 2181 collata
439 2135 591 2192 sunt,
632 2145 742 2181 non
764 2146 1227 2193 commemorare,
1270 2132 1365 2198 qui
1388 2132 1643 2184 contulit.
1715 2133 1799 2183 ⁷2.

207 2198 578 2261 Quamobrem
598 2204 663 2248 ut
680 2199 738 2261 ii,
771 2200 865 2267 qui
886 2200 1203 2266 superiores
1222 2208 1367 2265 sunt,
1397 2197 1719 2253 submittere
1740 2216 1800 2251 sc

209 2266 414 2319 dehent·
431 2266 488 2317 in
510 2268 783 2319 amicitia:
824 2268 908 2319 sic
927 2268 1167 2334 quodam
1200 2270 1367 2321 modo
1391 2269 1689 2320 inferiores
1710 2282 1801 2317 ex·

208 2335 428 2388 tollere.
502 2334 642 2387 Sunt
655 2336 808 2387 enim
832 2336 1083 2402 quidam,
1126 2338 1217 2403 qui
1235 2338 1503 2389 molestas
1525 2334 1801 2387 amicitias

207 2401 438 2467 faciunt,
458 2414 623 2471 quum
639 2404 750 2471 ipsi
771 2420 830 2457 se
853 2406 1129 2457 contemni
1150 2412 1372 2471 putant=
1396 2404 1544 2469 quod
1562 2418 1670 2454 non
1684 2402 1801 2455 fere

209 2473 514 2539 contingit,
556 2472 665 2522 nisi
683 2474 780 2535 iis,
817 2474 912 2540 qui
933 2474 1105 2525 etiam
1130 2472 1555 2525 contemnendos
1575 2488 1635 2524 se
1658 2472 1803 2525 arbi·

209 2546 456 2603 trantur3
479 2539 702 2608 quihac
720 2541 978 2607 opinione
1000 2556 1111 2591 non
1124 2541 1291 2591 modo
1303 2540 1507 2603 verbis,
1526 2540 1802 2593 sedetiam

208 2614 379 2677 opere
410 2609 633 2661 levandi
661 2615 803 2661 sunt.
875 2610 959 2663 ⁷3.
990 2612 1234 2661 Tantum
1264 2612 1448 2661 autem
1478 2609 1670 2677 cuique
1704 2608 1803 2660 tri-
1886 2642 1891 2649 ‚

209 2675 516 2740 buendum,
567 2676 830 2743 primum,
880 2684 1143 2745 quantum
1183 2676 1303 2747 ipse
1340 2676 1557 2733 efficere
1598 2678 1803 2745 possis:
