2087 2914
279 101 346 157 18
815 107 1037 161 cuo
1075 63 1345 160 Milon

278 207 400 258 latu
421 204 739 259 devoverat.
786 208 836 260 N
841 215 967 262 orat
985 209 1239 262 eumdem
1260 206 1569 273 Fabricius,
1590 213 1755 260 norat
1778 208 1879 260 Co·

279 275 600 326 runcaniusz
637 277 735 344 qui
755 291 920 344 quum
943 293 1012 331 ex
1033 294 1139 330 sua
1154 279 1294 341 vita,
1314 285 1431 330 tum
1454 294 1525 330 ex
1547 278 1686 340 eius,
1718 291 1879 345 quem

281 345 429 406 dico,
441 343 500 394 P.
517 343 679 396 Decii
699 344 872 408 facto,
889 347 1231 410 iudicabant,
1252 362 1375 400 esse
1396 347 1649 414 profecto
1671 345 1881 412 aliquid

280 419 482 464 natura
497 412 788 480 pulchrum
811 420 976 480 atque
993 417 1359 481 praeclarum,
1396 415 1545 485 quod
1566 429 1667 466 sua
1684 419 1885 481 sponte

279 487 585 548 peteretur,
631 481 906 548 quodque,
937 490 1131 549 spreta
1152 490 1210 537 et
1232 490 1553 552 contempta
1575 483 1884 550 voluptate,

281 550 524 616 optimus
566 549 802 618 quisque
839 559 1181 617 sequeretur.
1259 553 1348 606 44.
1395 554 1671 614 Quorsum
1712 552 1887 618 igitur

279 625 399 670 tam
417 618 596 670 multa
619 619 686 670 de
705 619 1032 686 voluptate?
1066 623 1209 685 Quia
1228 637 1338 673 non
1360 621 1527 672 modo
1550 621 1883 688 vituperatio

279 686 452 750 nulla,
487 687 587 738 sed
609 688 782 739 etiam
801 700 1018 740 summa
1037 690 1159 742 laus
1180 691 1482 742 senectutis
1504 696 1606 753 est,
1646 689 1797 756 quod
1819 703 1888 740 ea

279 755 602 822 voluptates
641 756 824 807 nullas
861 771 1201 825 magnopere
1240 759 1541 812 desiderat.
1610 759 1683 810 At
1730 762 1886 809 caret

283 823 466 890 epulis
499 826 912 892 exstructisque
931 829 1135 879 mensis
1158 834 1215 880 et
1233 827 1615 896 frequentibus
1632 825 1885 894 poculis!

282 894 452 944 Caret
492 907 626 962 ergo
659 893 892 963 [etiam]
922 897 1232 949 vinolentia
1258 903 1317 949 et
1346 897 1625 949 cruditate
1642 900 1710 950 ‚et
1736 896 1885 946 inso-

281 962 466 1014 mniis.
497 961 607 1016 Sed
629 965 678 1014 si
701 964 910 1030 aliquid
935 966 1176 1018 dandum
1199 972 1287 1019 est
1306 966 1602 1034 voluptati,
1626 965 1884 1034 quoniam

285 1032 406 1083 eius
432 1031 726 1084 blanditiis
756 1047 867 1084 non
897 1034 1067 1086 facile
1097 1036 1447 1097 obsistimus,
1490 1035 1711 1097 (divine
1741 1033 1887 1085 enim

282 1099 449 1151 Plato
481 1115 654 1152 escam
687 1104 952 1154 malorum
976 1106 1308 1171 voluptatem
1336 1103 1609 1169 appellat,
1648 1101 1789 1166 quod
1823 1114 1889 1151 ea

279 1167 532 1221 videlieet
549 1168 785 1220 homines
805 1169 1128 1235 capiantur,
1162 1179 1227 1223 ut
1246 1170 1403 1222 hamo
1418 1171 1660 1238 piscen)
1700 1183 1889 1235 quam-

283 1249 448 1303 quam
469 1235 850 1288 immoderatis
873 1238 1055 1304 epulis
1076 1244 1235 1291 caret
1254 1246 1527 1301 senectus,
1550 1237 1786 1290 modicis
1802 1239 1887 1287 ta-

283 1319 410 1356 men
433 1305 704 1356 conviviis
725 1304 996 1358 delectari
1013 1313 1218 1374 potest.
1290 1309 1351 1359 C.
1372 1307 1673 1369 Duillium,
1700 1305 1781 1358 Μ.
1807 1304 1889 1367 F„

285 1373 384 1441 qui
414 1371 632 1424 Poenos
671 1373 848 1426 classe
887 1374 1101 1441 primus
1130 1377 1441 1438 devicerat,
1486 1375 1811 1428 redeuntem
1854 1388 1889 1424 a

169 1483 178 1491 ,
287 1455 462 1495 caena
483 1457 668 1495 senem
691 1457 856 1509 saepe
876 1444 1135 1497 videbam
1156 1461 1321 1512 pum-3
1364 1444 1749 1499 delectabatur
1776 1457 1891 1495 cre-

285 1512 388 1564 bro
411 1510 594 1563 funali
613 1517 672 1563 et
689 1512 940 1575 tibicine,
964 1528 1107 1581 quae
1126 1516 1238 1567 sibi
1260 1515 1413 1567 nullo
1438 1513 1691 1579 exemplo
1714 1512 1891 1579 priva-

284 1589 380 1633 tus
401 1585 738 1647 sumpserat:
779 1586 995 1633 tantum
1028 1582 1289 1636 licentiae
1329 1583 1499 1635 dabat
1530 1582 1733 1650 gloria.
1800 1576 1890 1633 45.

286 1648 398 1701 Sed
417 1650 552 1717 quid
571 1662 680 1733 ego
701 1650 880 1702 aliosi
916 1650 1002 1703 Ad
1023 1654 1296 1719 meipsum
1314 1653 1429 1705 iam
1449 1656 1720 1705 revertar.
1774 1649 1891 1702 Pri-

285 1730 436 1769 mum
465 1717 636 1771 habui
671 1734 889 1787 semper
908 1720 1153 1774 sodales.
1224 1721 1573 1775 sodalitates
1593 1727 1781 1773 autem
1801 1734 1891 1771 me

285 1789 596 1850 quaestore
635 1789 974 1841 constitutae
993 1789 1170 1853 ‘sunt‚
1218 1794 1393 1844 sacris
1429 1791 1613 1844 Idaeis
1649 1790 1891 1857 Magnae

283 1856 488 1907 Matris
507 1858 769 1924 acceptis.
791 1858 1081 1925 Epulabar
1098 1860 1277 1929 igitur
1286 1876 1413 1913 cum
1424 1860 1711 1914 sodalibus
1718 1858 1891 1910 omni-

283 1940 358 1977 no
379 1926 619 1989 modice,
657 1926 755 1979 sed
773 1934 898 1980 erat
919 1928 1143 1997 quidam
1161 1930 1351 1983 fervor
1368 1931 1598 1994 aetatis3
1640 1942 1751 1996 qua
1770 1940 1894 1992 pro-

285 1994 601 2062 grediente,
643 1997 832 2048 omnia
851 1998 989 2049 fiunt
1006 1999 1189 2051 indies
1210 2000 1458 2052 mitiora.
1529 1999 1721 2063 Neque
1742 1994 1890 2047 enim

283 2064 536 2131 ipsorum
549 2065 925 2117 conviviorum
935 2066 1363 2121 delectationem
1373 2066 1753 2134 voluptatibus
1772 2076 1893 2116 cor-

283 2132 442 2201 porIs
473 2133 678 2201 magis,
723 2147 891 2200 quam
927 2140 1092 2189 coetu
1120 2136 1427 2187 amicorum
1456 2141 1515 2188 et
1542 2133 1891 2187 sermonibus

284 2201 577 2255 metiebar.
646 2202 800 2254 Bene
839 2205 986 2256 enim
1019 2205 1261 2257 maiores
1290 2204 1469 2259 nostri
1500 2202 1892 2258 accubitionem

285 2274 560 2342 epularem
579 2270 905 2339 amicorum,
947 2275 1079 2341 quia
1096 2275 1247 2327 vitae
1266 2275 1707 2327 coniunctionem
1726 2272 1891 2327 habe-

283 2350 404 2406 ret,
447 2340 744 2395 convivium
777 2342 1135 2397 nominarunt
1143 2360 1167 2406 ;
1205 2344 1433 2406 melius,
1474 2358 1639 2412 quam
1674 2343 1895 2408 Graeci,

288 2414 381 2478 qui
400 2410 510 2464 hoc
535 2411 685 2465 idem
715 2417 834 2465 tum
863 2413 1338 2480 compactionem,
1376 2419 1499 2464 tum
1526 2412 1897 2467 concatenatio-

288 2496 408 2533 nem
427 2488 660 2535 vocantz
699 2487 792 2545 nt,
827 2481 976 2551 quod
995 2484 1053 2533 in
1074 2496 1145 2537 eo
1164 2496 1367 2551 genere
1384 2482 1673 2535 minimum
1692 2488 1798 2545 est,
1834 2482 1895 2535 id

289 2550 534 2603 maxime
551 2551 792 2619 probare
813 2552 1125 2605 videantur.
1180 2550 1329 2604 XlV.
1346 2552 1436 2605 40.
1472 2552 1596 2620 Ego
1616 2566 1751 2605 vcro
1770 2566 1895 2619 pro·

291 2623 422 2687 pter
439 2622 713 2677 sermonis
731 2619 1522 2692 delectationemtempestivis
1542 2637 1759 2693 quoque
1772 2636 1897 2675 con·
