2087 2914
467 124 578 175 DE
615 110 1001 179 Amlci‘ru
1037 129 1206 182 CAP.
1243 130 1433 184 24.25.
1678 132 1745 187 65

155 224 470 292 multaeque
483 232 708 292 caussae
731 230 1105 296 suspicionum
1128 231 1599 300 offensionumque
1618 234 1751 289 dan-

153 302 456 412 tia-:squas
479 302 596 349 tum
623 297 850 362 evitare,
890 304 1008 350 tum
1031 300 1277 362 elevare,
1321 308 1437 352 tum
1462 301 1627 365 ferre,
1665 320 1749 357 sa·

150 378 268 427 pien
300 378 346 413 is
370 369 474 416 est.
1607 406 1613 412 -

252 431 375 483 Una
407 431 512 485 illa
536 433 878 489 sublevanda
897 434 1133 488 offensio
1157 444 1269 504 est,
1311 444 1372 493 ut
1393 447 1450 491 et
1466 442 1673 491 veritas
1692 443 1749 493 in

150 499 400 553 amicitia
420 508 476 553 et
497 502 633 555 fides
655 505 984 559 retineatur.
1055 506 1196 558 Nam
1218 516 1273 559 et
1299 507 1564 561 monendi
1584 510 1751 561 amici

143 583 314 635 saepe
334 576 481 633 sunt,
501 578 560 625 et
582 572 936 641 obiurgandi3
966 579 1024 626 et
1047 572 1185 627 haec
1208 577 1537 645 accipienda
1593 578 1747 639 mice,

149 652 318 703 quum
338 639 607 693 benevole
629 645 782 696 fiunt.
854 644 940 695 89.
975 642 1105 707 Sed,
1134 646 1321 698 nescio
1346 660 1547 713 quomo
1590 662 1642 709 o,
1661 662 1750 701 ve·

149 722 266 757 rum
291 714 404 770 est,
443 710 592 777 quod
609 711 666 763 in
683 712 894 765 Andria
911 712 1211 765 familiaris
1232 730 1387 769 meus
1412 714 1572 767 dicit:

223 773 548 844 Obsequium
569 780 786 845 amicos,
805 782 1010 836 ve'ritas
1033 782 1218 836 odivim
1231 784 1409 854 parit.
1685 835 1692 840 .

152 844 400 897 Molesta
430 849 668 913 veritas,
709 852 762 902 si
789 850 1013 919 quidem
1048 866 1119 904 ex
1154 868 1223 905 ea
1252 854 1499 905 nascitur
1528 854 1747 917 odium;

152 913 300 981 quod
328 921 415 967 est
434 934 705 973 venenum
737 920 1049 972 amicitiae:
1090 920 1189 973 sed
1212 922 1535 988 obsequium
1570 923 1748 973 multo

155 984 469 1049 molestius,
517 988 687 1055 quod,
735 989 980 1056 peccatis
1017 987 1343 1055 indulgens,
1386 990 1747 1056 praecipitem

154 1053 390 1105 amicum
411 1054 552 1107 ferri
579 1057 731 1109 sinit.
803 1057 1055 1110 Maxima
1080 1065 1271 1111 autem
1281 1058 1453 1133 ‘culpa
1474 1058 1543 1109 in·
1554 1072 1621 1111 eo
1645 1066 1749 1118 est,

155 1121 245 1189 qui
272 1130 330 1175 et
351 1124 644 1179 Veritatem
668 1136 1022 1195 aspernatur,
1060 1131 1118 1181 et
1138 1128 1197 1179 in
1216 1127 1466 1180 fraudem
1486 1127 1749 1195 obsequio

154 1192 478 1258 impellitur,
555 1195 721 1246 Omni
748 1196 927 1264 igitur
956 1196 1062 1250 hac
1087 1198 1147 1249 in
1170 1212 1231 1251 re
1252 1196 1509 1251 habenda
1526 1199 1675 1249 ratio
1697 1204 1757 1249 et

153 1262 444 1331 diligentia.
465 1269 576 1317 est:
598 1265 854 1331 primum,
874 1274 936 1319 ut
954 1268 1193 1319 monitio
1213 1266 1533 1328 acerbitate,
1554 1266 1753 1319 deinde

151 1331 468 1399 obiurgatio
522 1335 862 1388 contumelia
912 1342 1124 1389 careat:
1173 1337 1229 1386 in
1281 1335 1529 1403 obsequio
1570 1340 1755 1387 autem

147 1401 433 1469 (quoniam
466 1403 807 1455 Terentiano
841 1406 1012 1459 verbo
1047 1406 1304 1460 lubenter
1330 1406 1557 1469 utimur)
1586 1403 1757 1457 comi·

151 1477 236 1522 tas
259 1471 434 1536 adsit:
465 1474 790 1538 assentatio,
818 1475 1085 1528 vitiorum
1106 1475 1369 1538 adiutrix,
1389 1475 1587 1542 procul
1605 1489 1755 1526 amo-

153 1547 370 1593 veatur:
395 1556 538 1609 quae
561 1558 669 1594 non
690 1544 856 1596 modo
878 1545 1081 1608 amico,
1114 1544 1215 1597 sed
1236 1559 1305 1598 ne
1326 1545 1507 1596 libero
1530 1543 1751 1610 quidem
1842 1583 1849 1588 .

154 1609 324 1678 digna
345 1617 448 1662 est.
494 1611 674 1664 Aliter
695 1613 839 1665 enim
861 1629 988 1666 cum
1008 1619 1269 1680 tyranno,
1291 1613 1459 1664 aliter
1478 1627 1603 1662 eum
1622 1612 1755 1662 ami-

152 1695 218 1732 co
244 1680 470 1732 vivitur.
542 1681 630 1734 90.
665 1682 839 1733 Cuius
861 1687 1049 1735 autem
1074 1697 1237 1734 aures
1266 1681 1498 1735 veritati
1532 1679 1751 1732 clausae

153 1756 300 1811 sunt,
325 1755 393 1800 ut
414 1749 484 1801 ab
506 1749 687 1802 amico
711 1765 904 1804 verum
917 1749 1121 1810 audire
1137 1756 1395 1817 nequeat,
1420 1747 1583 1804 huius
1603 1737 1754 1801 salus

153 1795 499 1886 despitanda
525 1825 628 1872 est.
700 1819 910 1872 Scitum
939 1826 1028 1873 est
1058 1820 1207 1874 enim
1234 1818 1375 1871 illud
1399 1819 1653 1881 Catonis,
1693 1825 1755 1867 ut

155 1889 360 1952 multa;
380 1888 590 1940 Melius
611 1888 679 1939 de
702 1889 1030 1957 quibusdam
1054 1890 1285 1943 acerbos
1303 1888 1561 1939 inimicos
1582 1899 1756 1936 mere·

151 1956 216 2019 ri,
245 1972 415 2025 ,quam
437 1973 532 2012 eos
554 1957 783 2020 amicos,
825 1957 920 2024 qui
945 1956 1137 2010 dulces
1158 1956 1473 2010 videantur:
1514 1955 1646 2006 illos
1666 1969 1754 2006 ve-

151 2041 270 2078 rum
295 2041 463 2093 saepe
487 2026 692 2089 dicere,
716 2025 820 2078 hos
842 2041 1159 2093 numquam.
1204 2027 1385 2092 Atque
1403 2023 1544 2100 illud
1566 2023 1752 2076 absur-

151 2095 285 2147 dum
329 2101 432 2158 est,
475 2095 626 2164 quod
667 2095 728 2158 ii,
770 2096 865 2163 qui
903 2101 1221 2159 monentur,
1262 2109 1383 2148 eam
1403 2093 1751 2160 molestiam,

151 2179 318 2232 quam
341 2165 546 2218 debent
569 2179 785 2234 capere,
813 2180 925 2216 non
946 2166 1195 2231 capiunt:
1228 2179 1346 2218 eam
1370 2163 1615 2232 capiunt,
1646 2177 1753 2229 qua

151 2233 355 2287 debent
385 2249 613 2294 ‚vacare
686 2233 955 2286 Peccasse
993 2234 1140 2286 enim
1173 2247 1261 2296 se,
1299 2247 1410 2284 non
1450 2237 1753 2298 anguntur;

155 2304 470 2370 obiurgari,
513 2304 748 2356 moleste
781 2299 994 2354 ferunt:
1048 2301 1193 2366 quod
1217 2309 1411 2369 contra
1434 2314 1465 2351 ο·
1508 2298 1750 2356 ortebat3

153 2372 358 2424 delicto
391 2373 610 2435 dolere,
653 2369 998 2424 correctione
1029 2368 1290 2435 gaudere.
1359 2367 1467 2418 XX
1524 2405 1537 2418 .
1572 2364 1657 2418 91.
1679 2367 1754 2416 Ut

153 2443 325 2509 igitur
354 2447 412 2494 et
438 2456 666 2494 monere
697 2445 755 2492 et
777 2439 992 2490 moneri
1019 2438 1307 2503 proprium
1328 2441 1416 2488 est
1437 2447 1601 2488 verae
1621 2435 1753 2484 ami·
1827 2499 1830 2501 -

153 2513 345 2576 citiae3
377 2516 436 2564 et
457 2511 700 2564 alterum
719 2508 896 2560 libere
915 2505 1117 2563 facere,
1138 2518 1247 2556 non
1266 2515 1489 2571 aspa-03
1520 2503 1753 2555 alterum

151 2582 432 2648 patienter
451 2581 731 2647 accipere,
772 2592 883 2628 non
902 2578 1302 2641 repugnantem
1346 2573 1426 2625 sic
1443 2571 1693 2625 habendu
1701 2588 1750 2621 m

149 2660 252 2708 est,
292 2649 502 2702 nullam
525 2649 584 2702 iu
606 2646 870 2702 amicitiis
890 2651 1105 2712 pestem
1128 2657 1249 2694 esse
1269 2642 1553 2756 ηὲξιίοτοιη,
1590 2654 1751 2706 quam

217 2721 336 2770 Cic.
363 2717 466 2768 0Ρῖ
485 2717 536 2766 X
1331 2740 1343 2758 ι
1639 2717 1657 2730 ’
