2087 2914
509 178 618 230 DE
653 180 1047 259 ᾼΜιοιΤιΛ
1090 184 1257 236 CAP.
1292 167 1479 237 1415.
1724 184 1793 240 53

190 296 391 335 caussa
413 282 626 349 fingunt
647 280 943 349 amicitias,
962 286 1420 339 amabilissimum
1440 286 1643 339 nodum
1662 288 1795 339 ami·

189 352 364 403 citiae
383 352 606 405 tollere.
662 354 790 405 Non
813 356 959 407 enim
981 363 1096 408 tam
1122 357 1337 409 utilitas
1356 362 1521 424 parta
1547 371 1645 422 per
1663 356 1799 409 ami·

186 436 315 471 cum
332 458 349 484 ‚
391 436 554 488 quam
577 424 745 475 amici
766 439 924 491 annor
951 427 1073 493 ipse
1096 426 1367 479 delectatz
1412 431 1638 492 tumque
1658 425 1798 476 illud

193 490 274 553 fit,
297 490 543 556 quodab
563 494 741 545 amico
767 499 853 546 est
874 494 1204 561 profectum,
1236 494 1561 557 iucundum,
1602 494 1653 545 si
1675 508 1795 545 cum

192 560 382 610 studio
403 564 494 610 est
515 560 856 625 profectum:
891 572 1215 633 tantumque
1236 565 1411 627 abest,
1430 570 1495 615 ut
1518 563 1799 615 amicitiae

191 635 428 695 propter
447 629 812 697 indigentiam
835 630 1108 698 colantur,
1130 641 1195 685 ut
1213 635 1278 697 ii,
1300 634 1393 703 qui
1412 632 1609 700 opibus
1631 638 1689 685 et
1710 646 1799 684 co—

193 698 321 765 piis,
364 699 711 767 maximeque
731 703 940 755 virtute
981 704 1236 771 praediti,
1275 704 1334 754 in
1362 718 1473 771 qua
1504 701 1798 769 plurimum

181 772 281 819 est
301 768 595 833 praesidii,
637 771 864 823 minime
886 772 1118 824 alterius
1138 773 1257 823 indi
1295 778 1440 835 eant,
1474 770 1803 825 liberalissi-

193 836 274 887 mi
293 837 407 887 sint
429 840 485 887 et
504 838 1008 892 beneficentissimi.
1081 842 1257 909 Atque
1316 841 1426 891 aud
1454 840 1602 902 scio,·
1642 855 1711 889 an
1731 854 1801 891 ne

193 921 334 971 opus
355 906 428 955 sit
448 907 672 972 quidem
687 943 702 969 ,
743 906 884 979 nihil
916 914 1177 975 umquam
1206 907 1431 960 omnino
1454 908 1647 959 deesse
1668 908 1803 959 ami-

195 977 293 1033 cis,
367 975 474 1026 Ubi
494 976 638 1028 enim
659 976 847 1028 studia
865 983 1060 1029 nostra
1078 978 1403 1044 viguissent,
1434 976 1484 1027 si
1504 990 1803 1043 numquam

198 1044 452 1107 consilio,
483 1059 778 1113 numquam
801 1062 974 1113 opera
993 1051 1204 1109 nostra,
1235 1062 1337 1097 nec
1360 1042 1514 1097 domi
1535 1060 1635 1097 nec
1658 1043 1804 1095 mili-

195 1115 338 1177 tiae,
375 1113 564 1181 Scipio
597 1116 876 1183 eguisset?
927 1116 1054 1169 Non
1083 1116 1259 1183 igitur
1286 1112 1592 1167 utilitatem
1618 1114 1803 1167 amici-

199 1184 310 1245 tia,
351 1182 456 1234 sed
474 1183 694 1235 utilitas
727 1186 1029 1237 amicitiam
1053 1190 1353 1239 consecuta
1376 1191 1478 1238 est.
1551 1182 1674 1237 XV.
1713 1183 1801 1238 52.

197 1252 327 1304 Non
347 1266 481 1317 ergo
505 1258 664 1311 erunt
683 1252 935 1307 homines
958 1256 1173 1308 deliciis
1194 1252 1505 1307 diffluentes
1524 1252 1805 1317 audiendi,

199 1322 246 1371 si
267 1322 490 1387 quando
515 1322 582 1373 de
604 1324 882 1388 amicitia,
926 1338 1087 1391 quam
1110 1340 1209 1376 nec
1228 1339 1331 1375 usu
1350 1339 1452 1376 nec
1473 1322 1691 1375 ratione
1711 1320 1808 1373 ha-

185 1392 334 1442 ·bent
374 1392 652 1460 cognitam
667 1428 683 1454 ,
731 1392 1114 1462 disputabunt.
1185 1392 1235 1447 N
1240 1401 1328 1444 am
1368 1393 1495 1462 quis
1534 1398 1641 1455 est,
1700 1406 1805 1460 pro

196 1459 380 1512 Deum
403 1461 568 1512 fidem
601 1469 768 1529 atque
783 1462 1091 1521 hominum!
1122 1465 1231 1530 ,qui
1250 1463 1413 1526 velit,
1444 1470 1510 1515 ut
1528 1477 1707 1530 neque
1728 1461 1809 1513 di·

197 1528 343 1596 ligat
365 1545 710 1597 quemquam,
747 1549 849 1586 nee
874 1535 994 1600 ipse
1018 1533 1089 1586 ab
1111 1533 1229 1584 ullo
1254 1533 1543 1599 diligatur,
1575 1533 1808 1584 circum·

195 1597 371 1651 fluere
393 1601 646 1652 omnibus
669 1602 844 1668 copiis
868 1608 1033 1668 atque
1062 1603 1122 1652 in
1143 1602 1388 1652 omnium
1418 1615 1607 1653 rerum
1638 1599 1806 1651 abun·

197 1668 393 1719 dantia
414 1670 644 1722 -vivere'i
695 1671 856 1723 Haec
884 1678 971 1724 est
1001 1671 1146 1722 enim
1176 1663 1540 1738 tyrannorum
1562 1669 1705 1732 vita3
1746 1668 1805 1720 in

197 1753 308 1806 qua
328 1739 584 1790 nimirum
606 1740 761 1792 nulla
781 1741 936 1803 fides,
965 1739 1121 1792 nulla
1142 1741 1373 1802 caritas,
1402 1737 1558 1790 nulla
1581 1737 1804 1790 'stabilis

191 1805 624 1861 ‘benevolentiae
645 1817 831 1876 potest
852 1825 974 1863 esse
997 1810 1231 1862 fiducia:
1266 1810 1458 1860 omnia
1476 1823 1693 1875 semper
1712 1823 1802 1858 su-

195 1882 394 1946 specta
418 1884 582 1946 atque
613 1879 889 1931 sollicita:
933 1877 1119 1933 nullus
1150 1877 1311 1929 locus
1339 1869 1643 1928 ami‘citiae.
1713 1874 1800 1929 53.

196 1947 334 2011 Quis
358 1947 504 2000 enim
525 1953 623 1998 aut
643 1961 766 1999 eum
789 1948 1008 2014 diligat,
1030 1961 1193 2014 quem
1214 1946 1444 2011 metuit3
1487 1951 1584 1996 aut
1604 1961 1744 2008 eum,
1765 1959 1801 1998 a

195 2032 304 2086 quo
349 2033 411 2068 se
453 2018 628 2068 metui
668 2019 860 2085 putati
900 2017 1171 2069 coluntur
1212 2024 1403 2070 tamen
1444 2013 1798 2069 simulatione

197 2087 494 2140 dumtaxat
517 2085 588 2138 ad
605 2093 840 2154 tempus.
915 2087 1079 2150 Quod
1108 2087 1159 2138 si
1177 2087 1354 2150 forte,
1390 2093 1456 2138 ut
1477 2085 1543 2137 fit
1561 2085 1802 2154 plerum·

193 2169 321 2224 que,
344 2156 672 2208 ceciderint-2
717 2153 837 2208 tum
867 2156 1230 2224 intelligitur,
1271 2170 1433 2224 quam
1456 2155 1665 2208 fuerint
1680 2155 1803 2206 ino·

191 2239 292 2292 pes
315 2225 638 2278 amicorum.
688 2223 851 2287 Quod
871 2225 1235 2292 Tarquinium
1258 2225 1463 2278 dixisse
1486 2225 1685 2286 ferunt,
1708 2237 1799 2274 ex-

196 2292 473 2348 sulantem
493 2309 554 2346 se
583 2294 960 2358 intellexisse,
1001 2307 1141 2361 quos
1172 2295 1314 2346 fidos
1344 2293 1552 2346 amicos
1581 2289 1801 2342 habuis-

194 2371 299 2428 set,
342 2379 482 2432 quos
503 2361 730 2428 infidos,
773 2379 941 2432 quum
964 2364 1078 2415 iam
1098 2364 1313 2416 neutris
1332 2359 1572 2430 gratiam
1590 2358 1799 2411 referre

191 2440 408 2500 posset.
442 2441 444 2444 ’
479 2431 567 2486 54.
604 2433 947 2500 Quamquam
977 2431 1181 2494 miror,
1222 2430 1326 2482 illa
1344 2429 1604 2494 superbia
1622 2433 1680 2479 et
1698 2429 1801 2480 im·
1896 2445 1907 2454 “

233 2504 541 2556 ortunitate
574 2502 624 2554 s'i
654 2517 980 2570 quemquam
1018 2498 1226 2551 habere
1253 2497 1456 2563 potuit.
1525 2499 1703 2563 Atque
1730 2503 1799 2548 ut

191 2519 378 2634 liuius»,
403 2587 562 2638 quem
586 2571 724 2634 dixi,
741 2585 924 2622 mores
943 2584 1109 2622 veros
1130 2565 1339 2618 amicos
1358 2581 1556 2634 parare
1574 2579 1683 2616 non
1700 2579 1803 2633 po-

193 2649 381 2694 tuere:
425 2639 836 2691 sic'multorum
868 2653 1000 2704 opes
1034 2637 1481 2702 praepotentium
1505 2633 1801 2687 excludunt

195 2711 480 2766 amicitias
503 2709 715 2762 fideles.
737 2708 866 2762 Non
886 2705 1029 2760 enim
1050 2705 1231 2758 solum
1249 2707 1373 2774 ipsa
1390 2705 1619 2758 fortuna
1638 2713 1800 2754 caeca
