2087 2914
60 26 110 112 ὅ,
152 44 559 131 ..vgggfffi
603 38 632 87 ”-
694 68 700 71 ·
757 30 934 145 ιῖλιὶ.
973 66 1075 119 νι.
1132 67 1303 121 cm».
1340 66 1392 120 3.

275 174 494 227 bienno.
566 171 684 225 Nos
715 171 889 239 igitur
907 170 1232 233 divitiorem,
1274 170 1369 237 qui
1391 168 1552 238 plura
1576 168 1892 223 habemus?

277 244 498 295 Utinam
521 242 762 309 quidem!
786 240 896 293 Sed
917 256 1027 291 non
1047 242 1436 293 aestimatione
1458 256 1671 302 census,
1691 255 1893 291 verum

275 313 426 363 victu
469 319 641 379 atque
669 311 824 363 cultu
851 310 1187 372 terminatur
1216 311 1480 377 pecuniae
1508 310 1725 361 modus.
1798 306 1895 361 51.

276 380 404 433 Non
434 398 556 433 esse
589 380 873 447 cupidum,
909 383 1151 445 pecunia
1176 386 1289 431 est:
1332 395 1443 431 non
1476 396 1597 432 esse
1622 394 1899 441 emacem,

275 452 520 519 vectigal
543 456 645 503 est.
718 451 1049 500 Contentum
1072 464 1205 501 vero
1230 448 1345 501 suis
1368 452 1533 503 rebus
1556 464 1695 509 esse,
1716 448 1899 505 maxi·

276 536 400 573 mae
422 526 548 572 sunt
569 518 1287 585 certissimaequedivitiae.
1347 521 1565 570 Etenim
1588 521 1635 569 si
1650 518 1756 573 ‚isti
1781 517 1898 569 cal-

185 604 190 611 ·
276 591 585 645 lidirerum
617 591 1011 641 aestimatores·
1038 593 1204 654 prata
1226 594 1283 639 et
1303 604 1464 639 areas
1488 588 1753 655 quasdam
1776 603 1901 649 ma·

277 674 386 727 gno
410 658 736 720 aestimant,
775 657 922 723 quod
943 660 1006 708 ei'
1018 657 1210 723 generi
1229 660 1641 723 possessionum
1666 659 1898 709 minime

279 728 438 795 quasi
469 728 658 778 noceri
699 731 909 793 potest:
950 726 1147 793 quanti
1184 734 1271 778 est
1307 728 1657 779 aestimanda
1689 729 1896 787 vii-tusi,

280 812 421 863 quae
451 811 554 847 nec
582 796 754 863 eripi,
791 812 894 848 nec
925 798 1129 863 surripi
1162 802 1350 863 potest
1378 812 1667 864 umquam:
1712 812 1896 862 neque

279 866 576 935 naufragio
606 882 787 934 neque
829 866 1084 921 incendio
1124 869 1425 919 amittitur:
1467 866 1571 919 nec'
1595 868 1653 919 vi
1682 872 1898 931 tempe-

280 936 509 988 statum'
529 953 632 989 nec
662 942 973 1004 temporum
1004 939 1423 1005 perturbatione
1452 936 1727 989 mutatur!
1768 938 1898 997 Qua

279 1007 526 1073 praediti
557 1008 654 1073 qui
689 1014 842 1068 sunt,
880 1009 989 1057 soli
1019 1013 1148 1057 sunt
1179 1006 1396 1058 divites».
1468 1004 1551 1057 52.
1590 1005 1713 1057 Soli
1742 1006 1892 1056 enim

277 1077 569 1143 possident
601 1091 690 1125 res
723 1082 780 1127 et
808 1074 1127 1127 fructuosas
1162 1082 1218 1127 et
1237 1080 1627 1143 senipiternas3
1670 1074 1895 1140 solique

279 1144 456 1211 (quod
492 1149 578 1195 est
609 1146 895 1210 proprium
913 1144 1267 1207 divitiarum)
1294 1148 1539 1197 contenti
1568 1146 1733 1197 rebus
1756 1145 1894 1207 suis,

282 1214 421 1263 satis
443 1228 564 1265 esse
584 1218 799 1279 putant,
835 1214 980 1279 quod
1001 1220 1121 1278 est3
1163 1213 1301 1266 nihil
1321 1221 1609 1283 appetunt,
1654 1214 1809 1266 nulla
1828 1230 1893 1271 ro

283 1290 466 1351 egent,
487 1282 632 1333 nihil
653 1284 758 1333 sibi
781 1283 972 1336 deesse
994 1284 1255 1347 sentiunt,
1281 1285 1419 1336 nihil
1440 1288 1749 1353 requirunt:
1792 1287 1895 1334 im-

282 1353 442 1418 probi
463 1358 648 1403 mitem
672 1358 726 1403 et
748 1354 920 1412 avari,
941 1355 1197 1419 quoniam
1230 1358 1467 1407 incertas
1490 1362 1656 1423 atque
1678 1357 1737 1405 in
1758 1369 1892 1405 casu

281 1424 492 1487 positas
520 1420 740 1484 h‘abent,
780 1426 835 1474 et
857 1421 980 1489 plus
1003 1438 1222 1490 semper
1242 1430 1538 1493 appetunt,
1576 1416 1892 1477 nec'eormn

283 1493 568 1559 quisquam
592 1491 772 1543 adhue
789 1493 1047 1545 inventus
1070 1501 1170 1554 est,
1210 1497 1314 1558 cui,
1358 1496 1507 1563 quod
1530 1493 1775 1556 haberet,
1809 1510 1895 1544 es·-

220 1579 230 1593 =
283 1567 368 1613 set
389 1563 554 1626 satis;
585 1578 696 1613 non
717 1561 882 1614 modo
905 1579 1014 1615 non
1036 1566 1252 1631 copiosi
1276 1583 1341 1618 ac
1364 1567 1579 1630 divites,
1598 1564 1698 1616 sed
1718 1563 1888 1630 otiam

281 1632 476 1700 inopes
499 1649 564 1694 ac
583 1648 870 1702 pauperes
881 1635 1235 1688 existimandi
1255 1643 1405 1698 sunt.
