2087 2914
294 129 366 188 56
840 109 844 112 ’
906 131 1277 184 memus

298 249 420 288 nius
443 247 594 297 eum,
635 247 796 300 quem
819 235 1120 302 aliquando
1154 235 1339 290 odisse
1370 249 1680 303 possemus.
1754 234 1901 297 Quin

300 305 471 356 etiam
493 305 539 354 si
560 302 740 356 minus
763 303 1034 358 felicesin
1056 305 1351 372 deligendo
1374 307 1686 372 fuissemus,
1724 304 1904 358 feren·

263 425 266 428 ,
302 372 433 426 dum
453 372 511 423 id
529 371 714 439 Scipio
734 374 936 439 potius,
957 389 1118 440 quam
1140 375 1555 428 inimicitiarum
1572 381 1791 441 tempus
1812 389 1901 428 co-

301 442 621 510 gitandum,
663 443 912 508 putabat.
984 442 1158 496 XVII.
1202 441 1290 496 61.
1338 446 1445 496 His
1487 445 1661 513 igitur
1700 443 1905 496 linibus

301 511 848 578 utendumarbitror,
885 517 965 574 ut,
1005 527 1173 578 quum
1194 513 1477 567 emendati
1498 529 1681 568 mores
1704 513 1907 566 amico·

299 595 422 634 rum
445 581 584 641 sint„
608 587 724 632 tum
746 582 820 632 sit
840 582 986 632 inter
1007 597 1105 634 eos
1128 583 1373 634 onmium
1394 599 1605 646 rerum,
1648 582 1909 636 consilio-

300 665 440 712 rum,
477 650 844 714 voluntatum,
883 651 1002 702 sine
1023 651 1143 702 ulla
1162 653 1489 718 exceptione
1510 653 1906 705 communitam

301 725 390 781 ut,
431 718 598 770 etiam
617 719 670 770 si
698 735 806 785 qua
838 719 1065 772 fortuna
1086 720 1383 784 acciderit,
1425 728 1491 772 ut
1520 723 1701 772 minus
1730 722 1909 773 iustae
1956 753 1963 756 -

301 788 610 842 amicorum
632 789 952 842 voluntates
971 790 1316 843 adiuvandae
1338 792 1479 853 sint,
1516 791 1576 840 in
1594 791 1797 858 quibus
1814 805 1909 842 eo·

300 873 422 910 rum
445 864 542 909 aut
563 865 730 925 caput
759 867 961 928 agatur
983 867 1079 912 aut
1112 859 1290 923 fama,
1332 859 1723 914 declinandum
1742 860 1820 911 sit
1838 858 1908 912 de

301 926 408 990 via,
435 926 600 980 modo
623 944 692 980 ne
711 945 930 984 sununa
951 930 1241 997 turpitudo
1263 937 1547 997 sequatur.
1620 929 1724 981 Est
1744 929 1907 990 enim,

303 1004 575 1064 quatenus
599 998 880 1054 amicitiae
911 1000 1036 1052 dari
1065 1001 1230 1053 venia
1258 1001 1455 1066 possit.
1526 997 1645 1052 Nec
1666 1013 1797 1050 vero
1819 1014 1910 1050 ne·

301 1067 568 1135 gligenda
589 1075 673 1118 est
691 1068 866 1120 fama:
891 1084 995 1120 nec
1015 1069 1297 1122 mediocre
1320 1070 1495 1120 telum
1516 1067 1587 1118 ad
1608 1083 1699 1119 res
1718 1082 1909 1135 geren-

301 1137 403 1191 das
421 1138 745 1188 existimare
771 1143 996 1204 oportet
1011 1138 1458 1190 benevolentiam
1480 1136 1713 1188 civiumz
1746 1151 1908 1202 quam

298 1203 592 1257 blanditiis
616 1211 674 1256 et
705 1205 1039 1258 assentando
1072 1207 1339 1273 colligere
1370 1213 1530 1272 turpe
1558 1211 1673 1257 est:
1713 1205 1910 1268 virtus,

301 1291 466 1344 quam
487 1275 740 1340 sequitur
759 1275 982 1336 caritas,
1011 1275 1240 1328 minime
1260 1274 1609 1342 repudianda
1628 1280 1733 1327 est.

404 1345 488 1398 62.
526 1343 637 1397 Sed
659 1345 1073 1410 saepeoetenim
1095 1344 1263 1398 redeo
1286 1345 1359 1396 ad
1380 1343 1715 1410 Scipionem,
1748 1342 1907 1396 cuius

303 1413 485 1467 omnis
525 1427 707 1465 sermo
743 1419 864 1465 erat
903 1412 972 1467 de
1013 1413 1289 1477 amicitia)
1343 1413 1706 1482 querebatur,
1760 1412 1907 1481 quod

307 1482 560 1536 omnibus
597 1483 654 1533 in
687 1483 850 1535 rebus
884 1480 1137 1535 homines
1168 1483 1555 1552 diligentiores
1586 1490 1805 1547 essent3
1844 1489 1908 1535 ut

302 1567 501 1618 capras
530 1558 586 1603 et
620 1566 752 1603 oves
773 1558 910 1617 quot
931 1553 1165 1621 quisque
1186 1552 1445 1617 haberet,
1486 1552 1672 1604 dicere
1690 1559 1907 1619 posset:

303 1618 516 1675 :unicos
545 1627 680 1689 quot
706 1620 963 1683 haberet,
1005 1638 1119 1676 non
1144 1628 1335 1690 posset
1366 1623 1581 1687 dicere3
1620 1628 1679 1675 et
1706 1623 1767 1674 in
1789 1622 1909 1675 illis

307 1691 530 1759 quidem
555 1691 818 1757 parandis
837 1692 1103 1743 adhibere
1124 1708 1331 1754 curam,
1351 1693 1411 1745 in
1432 1693 1629 1746 amieis
1639 1691 1908 1761 eligendis

303 1760 652 1827 negligentes
677 1776 826 1825 esse3
850 1777 952 1815 nec
973 1760 1179 1813 habere
1202 1762 1365 1827 quasi
1383 1762 1549 1828 signa
1568 1762 1840 1829 quaedam
1850 1766 1910 1812 et

305 1837 488 1891 notas,
511 1830 708 1897 quibus
731 1846 845 1893 eos,
865 1831 959 1897 qui
983 1830 1053 1881 ad
1078 1830 1381 1883 amicitiam
1394 1838 1581 1883 essent
1600 1831 1806 1893 idonei,
1828 1831 1910 1881 iu-

305 1900 578 1951 dicarent.
651 1897 790 1951 Sunt
811 1900 987 1967 igitur
1007 1900 1157 1953 firmi
1180 1906 1239 1953 et
1256 1900 1491 1955 stabiles
1512 1907 1569 1953 et
1591 1905 1909 1953 constantes

306 1968 576 2036 eligendi3
597 1970 752 2021 cuius
775 1971 994 2035 generis
1017 1976 1106 2021 est
1124 1985 1325 2036 magna
1343 1970 1602 2036 penuria:
1628 1975 1685 2021 et
1701 1968 1912 2019 iudica-

305 2053 368 2089 re
400 2036 626 2089 difficile
655 2042 742 2089 est
771 2053 934 2101 sane,
981 2038 1096 2089 nisi
1120 2046 1427 2105 expertum.
1499 2036 1911 2102 Experiendum

307 2112 394 2158 est
418 2112 604 2157 autem
630 2107 689 2157 in
717 2106 846 2172 ipsa
871 2107 1142 2160 amicitia.
1214 2109 1303 2159 lta
1335 2106 1645 2175 praecurrit
1667 2105 1915 2157 amicitia

232 2208 240 2214 ·
307 2175 596 2236 iudicium,
626 2175 892 2241 tollitque
915 2176 1240 2242 experiendi
1261 2181 1615 2243 potestatem.
1686 2173 1774 2227 63.
1808 2174 1915 2225 Est

306 2245 484 2313 igitur
507 2244 816 2311 prudentis,
859 2247 1154 2311 sustinere,
1184 2254 1247 2297 ut
1268 2260 1504 2305 currum,
1543 2245 1625 2295 sie
1642 2243 1911 2310 impetum

308 2314 760 2371 benevolentiaez
795 2329 903 2381 quo
929 2322 1168 2377 utamur,
1190 2316 1349 2381 quasi
1372 2316 1531 2381 equis
1553 2314 1805 2377 tentatis,
1830 2314 1915 2365 sie

310 2384 574 2453 amicitiis
585 2419 610 2446 ,.
647 2385 835 2451 aliqua
865 2392 1026 2451 parte
1060 2384 1389 2451 periclitatis
1423 2384 1668 2437 moribus
1710 2383 1916 2435 amico·

315 2468 454 2505 rum.
504 2452 745 2516 Quidam
767 2469 936 2521 saepe
957 2455 1014 2505 in
1036 2468 1207 2519 parva
1230 2454 1464 2520 pecunia
1486 2454 1916 2521 perspiciuntur,

317 2537 481 2588 quam
513 2523 628 2573 sint
661 2524 838 2577 leves:
886 2522 1142 2592 quidam,
1188 2538 1327 2589 quos
1355 2538 1530 2591 parva
1560 2540 1783 2579 movere
1804 2526 1917 2575 n‘on

317 2591 522 2656 potuit,
555 2599 962 2659 cognoscuntur
979 2593 1038 2645 in
1060 2606 1282 2659 magna.
1355 2592 1451 2645 Sin
1472 2610 1607 2647 vero
1631 2601 1793 2647 erunt
1815 2594 1917 2646 ali-

318 2662 411 2737 qui
433 2662 662 2729 reperti,
686 2663 798 2730 qui,
819 2662 1108 2731 pecuniam
1128 2663 1413 2730 praeferre
1424 2665 1722 2734 amicitiae,
1741 2664 1909 2719 sordi-
