2087 2914
271 157 344 212 22
811 158 1027 213 CATO
1061 156 1329 212 MAIOR
1407 161 1421 172 ‘

269 261 415 323 lum,
449 253 522 312 'ut
559 265 687 314 ante
709 258 857 325 dixi,
898 261 998 314 sed
1022 239 1190 314 etiam
1216 261 1433 314 cultura
1450 262 1649 328 etipsa
1669 269 1875 316 natura

271 328 542 384 delectata
581 329 1045 382 adminiculorum
1076 330 1323 393 ordines,
1366 325 1609 398 capitum
1638 331 1873 399 iugatio,

269 397 532 466 religatio
569 406 626 452 et
645 400 974 468 propagatio
995 399 1191 450 vitium
1204 435 1221 462 ,
1260 407 1772 468 sarmentorumque
1792 415 1875 466 ea,

271 469 439 534 quam
477 468 624 531 dixi,
663 468 899 520 aliorum
933 469 1275 538 amputatio,
1318 469 1559 520 alioruin
1580 468 1868 526 immissio.

268 535 418 600 Quid
450 552 556 605 ego
585 535 972 603 irrigationes'}
1016 539 1149 605 quid
1177 537 1455 590 fossiones
1490 540 1615 606 agri
1644 539 1873 606 repasti-

266 607 629 673 nationesque
655 606 961 671 proferam,
1004 608 1203 674 quibus
1237 607 1301 658 fit
1322 607 1498 658 multo
1517 613 1667 664 terra
1693 608 1873 660 fecun-

269 673 428 725 dion-2
461 675 549 726 54.
573 675 721 741 Quid
744 675 814 728 de
833 675 1084 728 utilitate
1104 677 1302 746 loquar
1320 676 1700 729 stercorandi}
1738 675 1877 730 Dixi

266 744 327 792 in
361 758 428 795 eo
459 743 635 807 libre,
711 760 838 796 uem
869 745 936 797 de
965 745 1123 798 rebus
1154 745 1376 798 rusticis
1408 745 1627 812 scripsiz
1668 750 1739 797 tle
1768 759 1877 812 qua

269 812 468 864 doctus
490 813 667 866 Hesio
711 829 774 866 us
804 829 874 866 ne
901 814 1129 866 verbum
1162 815 1385 882 quidem
1406 813 1565 876 fecit,
1608 829 1775 881 quum
1806 813 1877 868 de

269 881 488 933 cultura
511 883 636 950 agri
651 883 938 938 scriberet.
1009 885 1083 936 At
1104 885 1407 949 Homerus,
1452 884 1547 950 qui
1567 883 1777 946 multis,
1813 887 1878 934 ut

267 947 410 1002 mihi
427 951 665 1016 videtur,
685 958 814 1006 ante
834 953 1074 1006 saeculis
1096 952 1223 1016 fuit,
1255 953 1535 1015 Laertem,
1576 953 1877 1005 lenientem

269 1019 624 1092 desiderium,
648 1021 796 1089 quod
817 1023 1075 1088 capiebat
1094 1039 1125 1074 e
1146 1022 1283 1084 filio,
1306 1023 1578 1074 colentem
1600 1035 1797 1088 agrum
1816 1027 1877 1074 et

268 1105 392 1143 eum
425 1096 827 1147 stercorantem
859 1091 1014 1142 facit.
1086 1090 1205 1142 Nec
1232 1103 1369 1144 vero
1390 1090 1673 1156 segetibus
1692 1090 1877 1142 solum

267 1163 324 1210 et
345 1159 524 1224 pratis
545 1165 603 1211 et
623 1159 800 1210 vineis
825 1164 881 1210 et
902 1159 1145 1209 arbustis
1166 1173 1257 1210 res
1278 1158 1517 1210 rusticae
1538 1159 1719 1211 laetae
1732 1166 1879 1224 sunt,

267 1225 366 1278 sed
407 1227 578 1279 etiam
612 1224 792 1278 hortis
823 1233 880 1279 et
910 1225 1203 1292 pomariis:
1242 1232 1365 1276 tum
1395 1227 1665 1292 pecudum
1695 1233 1879 1295 pastu,

269 1294 454 1362 apium
485 1295 857 1360 examinibus,
899 1293 1098 1348 florum
1132 1295 1373 1347 omnium
1396 1295 1685 1348 varietate.
1756 1297 1877 1352 Nec

270 1364 609 1418 consitiones
649 1364 817 1416 modo
863 1364 1173 1428 delectant,
1211 1364 1309 1416 scd
1345 1363 1518 1415 etiam
1549 1365 1875 1434 insitionesg

268 1432 466 1501 quibus
487 1432 630 1485 nihil
649 1433 862 1487 invenit
882 1433 1227 1503 agricultura
1244 1432 1547 1487 sollertius.
1618 1433 1764 1488 XVI.
1788 1432 1857 1489 55

267 1502 502 1553 Possum
535 1506 790 1569 persequi
811 1504 990 1555 multa
1009 1504 1419 1555 oblectamenta
1436 1518 1623 1555 rerum
1641 1505 1879 1569 rusticag

267 1587 415 1625 rum:
455 1570 554 1623 sed
578 1588 646 1623 ea
666 1572 816 1639 ipsa,
858 1588 1000 1641 quae
1022 1572 1166 1635 dixi,
1204 1572 1375 1623 fuisse
1394 1573 1576 1624 sentio
1602 1572 1877 1640 longiora.

267 1641 576 1706 ignoscetis
599 1647 802 1693 autem.
874 1640 1018 1697 Nam
1052 1648 1107 1693 et
1130 1642 1315 1693 studio
1337 1656 1523 1693 rerum
1542 1642 1875 1695 rusticarum

267 1715 561 1776 provectus
583 1724 722 1772 sum,
765 1715 823 1762 et
843 1717 1101 1763 senectus
1122 1718 1207 1761 est
1229 1717 1429 1762 natura
1450 1711 1763 1779 loquacior:
1804 1728 1877 1767 ne

267 1779 336 1831 ab
360 1780 612 1829 omnibus
637 1794 758 1831 eam
778 1780 936 1829 vitiis
957 1779 1150 1831 videar
1172 1780 1476 1832 vindicare.
1517 1782 1667 1849 Ergo
1688 1781 1749 1833 in
1770 1780 1879 1834 hac

267 1848 384 1899 vita
401 1848 475 1901 Μ’
497 1849 712 1911 Curius,
749 1863 916 1915 quum
943 1848 1008 1901 de
1029 1848 1389 1911 Samnitibus,
1428 1848 1498 1902 de
1522 1849 1759 1915 Sabinis,
1804 1851 1875 1904 de

267 1914 480 1985 Pyrrho
505 1916 920 1985 triumphasset,
962 1918 1302 1987 consumpsit
1325 1925 1629 1971 extremum
1654 1927 1877 1987 tempus

269 1987 500 2039 aetatis:
545 1989 700 2039 cuius
723 1987 940 2053 quidem
962 1988 1155 2039 villam
1180 2001 1283 2057 ego
1307 1990 1707 2055 contemplans,
1747 1989 1879 2053 (ab,-

267 2061 354 2109 est
375 2056 522 2107 enim
543 2071 652 2106 non
672 2056 846 2125 longe
862 2072 896 2111 a
917 2060 1052 2118 mc,)
1074 2056 1340 2109 admirari
1360 2058 1494 2109 satis
1515 2074 1623 2109 non
1648 2072 1873 2123 possum

266 2122 360 2175 vel
378 2121 618 2175 hominis
640 2124 816 2189 ipsius
839 2126 1234 2177 continentiam
1267 2126 1357 2177 rel
1376 2133 1689 2193 temporum
1712 2126 1877 2177 disci-

267 2193 497 2260 plinam.
553 2192 739 2255 Curi0,
763 2194 833 2244 ad
857 2193 1040 2244 focum
1065 2195 1297 2261 sedenti,
1316 2211 1407 2247 rna
1482 2211 1575 2245 um
1594 2194 1719 2245 auri
1736 2210 1877 2261 pon·

268 2262 373 2315 dus
395 2260 673 2313 Samnites
735 2277 862 2313 uum
885 2264 1226 2325 attulissent,
1258 2278 1395 2333 repu
1436 2262 1543 2315 iati
1563 2270 1709 2315 sunt.
1746 2264 1875 2317 Non

269 2331 452 2393 enim3
492 2346 684 2383 aurum
756 2332 948 2395 abere,
991 2333 1339 2399 praeclarum
1368 2334 1479 2384 sibi
1510 2332 1691 2385 videri
1712 2332 1875 2397 dixit,

267 2399 368 2452 sed
384 2400 472 2462 iis,
492 2401 588 2467 qui
606 2400 873 2453 haberent
892 2416 1105 2463 aurum,
1128 2402 1420 2468 imperare.
1465 2398 1551 2452 56.
1571 2400 1879 2455 Poteratne

265 2474 462 2520 tantus.
494 2470 709 2522 animus
749 2485 859 2521 non
900 2469 1193 2535 iucundam
1238 2472 1455 2521 efficere
1494 2472 1877 2525 senectutem?

265 2535 378 2589 Sed
406 2539 570 2589 venio
601 2539 672 2590 ad
695 2538 998 2607 agricolas,
1042 2555 1112 2591 ne
1142 2554 1177 2590 a
1208 2539 1443 2607 meipso
1464 2538 1736 2592 recedam.
1810 2541 1879 2595 In

266 2604 416 2673 agris
450 2614 607 2659 crant
635 2616 750 2658 tum
774 2607 1105 2671 senatore-3,
1146 2607 1204 2658 id
1241 2613 1325 2658 est
1355 2622 1541 2658 senes:
1584 2609 1633 2659 si
1653 2610 1875 2677 quidem

267 2674 454 2729 aranti
481 2675 546 2730 L.
580 2676 842 2741 Quinctio
877 2677 1201 2731 Cincinnato
1242 2676 1558 2731 nuntiatum
1592 2687 1709 2741 est,
1746 2696 1876 2734 eum
