2087 2914
470 139 586 194 DE
621 143 1006 200 AMICITIA
1041 143 1215 202 CAP.
1248 144 1443 202 26.2⁷.
1685 147 1756 202 69

157 257 280 298 eam
309 245 496 297 minus
525 251 792 312 sequutus
821 246 919 300 sis.
987 249 1115 302 Hac
1144 263 1245 302 nos
1268 249 1647 302 adolescentes
1665 251 1760 303 be-

159 314 480 367 nevolentia
505 329 666 370 senes
697 314 826 368 illos
855 316 925 369 L.
943 315 1225 382 Paullum,
1266 318 1345 372 M.
1368 319 1659 381 Catonem,
1700 319 1760 370 C.

163 383 407 444 Gallum,
429 382 492 435 P.
513 383 792 447 Nasicam,
812 386 904 438 Ti.
925 385 1255 451 Gracchum,
1284 385 1563 455 Scipionis
1583 387 1760 439 nostri

162 465 436 516 socerum,
469 451 784 506 dileximus.
851 453 1010 508 Haec
1029 457 1197 509 etiam
1214 471 1305 509 ma
1348 457 1393 508 is
1416 456 1599 509 elucet
1616 455 1765 508 inter

159 521 454 589 aequales,
491 526 556 573 ut
575 521 724 574 inter
743 537 832 576 me
855 529 914 576 et
932 522 1024 577 Sci
1063 526 1275 589 ionem,
1364 563 1378 577 .
1398 524 1625 577 Furium
1641 558 1659 587 ,
1699 521 1761 576 P.

163 590 466 657 Rupilium,
495 589 591 657 Sp.
612 590 962 646 Mummium.
1085 595 1296 648 icissim
1319 602 1503 648 autem
1520 609 1683 647 senes
1703 593 1766 644 in

159 659 601 712 adolescentium
637 661 872 715 caritate
912 664 1339 732 acquiescimus3
1377 670 1441 716 ut
1469 664 1527 715 in
1554 668 1764 726 vestra,

159 734 223 780 ut
242 729 301 780 in
323 730 394 792 Q.
417 729 758 782 Tuberonis:
851 731 1038 784 uidem
1064 734 1236 786 etiam
1256 731 1553 786 admodum
1574 731 1766 786 adole·

159 798 388 860 scentia,
406 796 468 850 P.
491 798 708 862 Rutilii,
735 801 800 851 A.
875 801 1069 868 irginii
1090 801 1477 854 familiaritate
1499 801 1764 854 delector.

161 867 548 934 Quoniamque
578 867 659 920 ita
685 869 837 922 ratio
868 877 1193 936 comparata
1218 877 1306 923 est
1335 870 1487 924 vitae
1509 876 1769 922 naturae·

161 950 266 1003 que
285 942 544 1000 nostrae,
585 942 650 988 ut
685 937 799 989 alia
818 943 976 992 aetas
997 939 1229 991 oriatur
1254 953 1323 991 ex
1342 939 1481 990 alia:
1520 939 1767 990 maxime

159 1005 386 1072 quidem
407 1005 712 1072 optandum
733 1011 836 1069 est,
855 1013 922 1058 ut
942 1023 1069 1060 cum
1088 1007 1413 1074 aequalibus
1432 1005 1631 1074 possis,
1650 1006 1769 1074 qui·

158 1075 394 1126 buscum
414 1080 698 1144 tamquam
723 1091 758 1128 e
779 1077 1095 1129 carceribus
1121 1077 1355 1129 emissus
1385 1076 1490 1138 sis,
1532 1090 1656 1126 cum
1674 1075 1768 1127 iis-

159 1143 282 1196 dem
303 1143 382 1196 ad
403 1143 631 1206 enicem,
651 1150 717 1196 ut
735 1143 956 1209 dicitur,
977 1145 1285 1213 pervenire.
1356 1141 1478 1198 102.
1502 1142 1612 1196 Sed
1634 1159 1765 1212 quo·

119 1237 124 1242 ·
161 1213 306 1265 niam
329 1227 423 1265 res
445 1211 714 1266 humanae
733 1211 965 1282 fragiles
987 1215 1334 1281 caducaeque
1356 1219 1509 1277 sunt,
1550 1227 1769 1281 semper

161 1282 338 1349 aliqui
370 1281 700 1350 anquirendi
725 1290 882 1346 sunt,
923 1299 1060 1351 quos
1092 1283 1392 1350 diligamus
1422 1288 1480 1335 et
1508 1297 1544 1334 a
1570 1282 1769 1350 quibus

161 1351 484 1419 diligamur.
555 1351 808 1404 Caritate
839 1354 985 1405 enim
1005 1351 1510 1419 benevolentiaque
1532 1350 1769 1413 sublata,
1796 1405 1803 1418 ¹

163 1421 346 1473 omnis
385 1425 474 1475 est
506 1433 540 1473 e
566 1420 682 1473 vita
708 1421 933 1476 sublata
965 1419 1303 1477 iucunditas.
1373 1418 1518 1475 Mihi
1549 1419 1769 1489 quidem

163 1488 374 1558 Scipi0‚
413 1504 745 1559 quamquam
785 1498 872 1545 est
909 1494 1099 1545 subito
1132 1497 1373 1561 ereptus,
1412 1490 1552 1542 vivit
1582 1498 1768 1543 tamen

162 1574 489 1627 semperque
531 1560 706 1614 vivet:
745 1560 1010 1615 virtutem
1052 1562 1197 1614 enim
1242 1560 1428 1613 amavi
1454 1559 1611 1609 illius
1638 1559 1767 1619 viri,
1797 1594 1806 1599 -

163 1644 304 1696 quae
323 1630 606 1682 exstincta
626 1644 737 1681 non
765 1635 870 1683 est.
941 1630 1060 1683 Nec
1078 1626 1216 1680 mihi
1236 1628 1342 1680 soli
1362 1632 1619 1680 versatur
1637 1634 1767 1678 ante

162 1699 378 1761 oculos,
400 1697 495 1765 qui
511 1698 672 1749 illam
689 1712 912 1765 semper
930 1696 987 1749 in
1005 1698 1263 1750 manibus
1280 1694 1467 1759 habui,
1488 1694 1768 1750 sedetiam

160 1767 402 1834 posteris
425 1766 532 1819 erit
554 1767 708 1823 clara
726 1773 786 1820 et
803 1768 1057 1837 insignis.
1100 1764 1279 1819 Nemo
1301 1779 1559 1831 umquam
1580 1763 1767 1815 animo

159 1842 262 1889 aut
281 1850 384 1903 spe
404 1837 622 1889 maiora
641 1838 936 1903 suscipiet,
979 1836 1075 1903 qui
1100 1836 1212 1887 sibi
1243 1849 1353 1887 non
1380 1834 1533 1887 illius
1561 1847 1767 1884 memo-

159 1906 304 1958 riam
325 1911 494 1973 atque
512 1906 818 1973 imaginem
832 1904 1250 1972 proponendam
1261 1907 1434 1969 putet.
1469 1899 1767 1968 103.Equi-

161 1974 286 2027 dem
307 1989 379 2027 ex
402 1975 657 2026 omnibus
677 1974 861 2037 rebus,
885 1989 1023 2042 quas
1043 1970 1183 2025 mihi
1205 1977 1302 2023 aut
1324 1970 1549 2023 fortuna
1566 1976 1767 2021 autna-

158 2050 290 2096 tura
305 2044 524 2106 tribuit,
548 2042 686 2095 nihil
709 2041 906 2105 habeo,
926 2042 1074 2111 quod
1094 2057 1217 2095 cum
1239 2040 1485 2094 amicitia
1494 2038 1767 2107 Scipionis

159 2112 370 2180 possim
393 2127 735 2180 comparare.
771 2114 835 2164 ln
857 2113 963 2166 hae
981 2111 1119 2165 mihi
1139 2112 1207 2165 de
1226 2110 1517 2178 republica
1537 2123 1765 2162 consen-

161 2196 276 2244 sus,
312 2182 376 2233 in
402 2180 506 2233 hac
534 2197 718 2238 rerum
747 2182 1092 2249 privatarum
1124 2181 1443 2245 consilium3
1480 2178 1539 2230 in
1570 2176 1767 2229 eadem

161 2251 387 2317 requies
409 2250 574 2318 plena
593 2251 990 2304 oblectationis
1013 2249 1140 2302 fuit.
1184 2250 1495 2316 Numquam
1515 2246 1677 2297 illum
1695 2260 1767 2295 ne

163 2320 397 2371 minima
427 2319 647 2387 quidem
676 2334 739 2373 re
773 2318 1007 2381 offendi,
1047 2317 1195 2384 quod
1228 2318 1447 2386 quidem
1470 2312 1764 2367 senserim:

161 2386 300 2439 nihil
321 2388 514 2440 audivi
535 2404 607 2443 ex
626 2390 768 2456 ipso,
791 2387 940 2456 quod
963 2385 1187 2439 nollem.
1259 2386 1381 2438 Una
1404 2383 1600 2436 domus
1626 2384 1767 2459 erat,

161 2456 310 2510 idem
331 2458 540 2521 victus,
580 2458 740 2526 isque
762 2456 1091 2509 communist
1134 2468 1309 2521 neque
1339 2452 1520 2504 solum
1542 2448 1767 2511 militia,

160 2526 258 2579 sed
281 2527 455 2579 etiam
483 2527 966 2595 peregrinationes
992 2524 1495 2589 rusticationesque
1528 2532 1769 2570 commu·

161 2610 277 2649 nes.
322 2593 446 2649 104.
467 2595 612 2647 Nam
632 2593 766 2677 quid
788 2607 893 2661 ego
917 2593 986 2644 de
1005 2592 1212 2644 studiis
1234 2591 1411 2643 dicam
1436 2601 1764 2665 cognoscen-

162 2665 216 2717 di
241 2678 468 2732 semper
498 2663 708 2731 aliquid
738 2668 905 2731 atque
934 2660 1217 2715 discendi?
1255 2660 1314 2713 in
1337 2657 1537 2728 quibus
1562 2659 1767 2709 remoti
