2087 2914
270 92 341 146 20
821 90 1053 150 CATO.
1073 89 1337 145 MAIOR

271 191 534 254 animum,
576 196 858 260 tamquam
879 193 1129 246 emeritis
1148 191 1441 258 stipendiis
1460 191 1731 255 libidinis,
1760 205 1878 246 am-

270 261 529 324 bitionis,
571 263 970 323 contentionis,
1019 261 1465 323 inimicitiarum,
1506 262 1875 326 cupiditatum

271 330 540 392 omnium,
580 339 769 382 secum
783 347 926 391 esse,
969 345 1283 396 secumque,
1320 336 1384 381 ut
1406 331 1625 391 dicitur,
1659 330 1872 383 vivere.

271 398 338 452 Si
364 413 498 451 vero
529 397 698 451 habet
728 396 956 465 aliquod
988 402 1271 465 tamquam
1298 399 1565 465 pabulum
1594 397 1763 454 studii
1792 403 1875 450 at-

271 483 378 535 que
402 467 716 531 doctrinae,
753 468 895 519 nihil
921 473 1007 518 est
1036 468 1224 522 otiosa
1251 473 1537 520 senectute
1564 465 1873 526 iucundius.

269 537 425 590 Mori
445 551 620 604 paene
639 535 962 588 videbamus
983 537 1045 588 in
1064 537 1251 588 studio
1274 536 1611 589 dimetiundi
1630 534 1772 588 caeli
1793 540 1875 586 at·

271 621 382 673 que
403 613 588 658 terrae
611 605 671 657 C.
696 604 939 667 Gallum,
974 605 1307 658 familiarem
1331 606 1510 674 patris
1531 605 1632 668 tui,
1662 602 1874 670 Scipio·

269 675 504 739 Quoties
532 673 694 725 illum
723 674 845 738 lux,
883 680 1053 729 noctu
1084 674 1293 742 aliquid
1322 675 1635 731 describere
1664 675 1875 738 ingrcs-

269 757 422 804 sum,
463 741 680 809 quoties
717 759 830 796 nox
851 745 1151 810 oppressit,
1192 759 1554 818 quummanq
1571 739 1871 808 coepisset!

271 811 451 873 Quum
492 810 809 864 delectabat
853 827 1004 874 eum,
1051 812 1391 868 defectiones
1430 813 1569 865 solis
1610 816 1667 863 et
1706 810 1874 865 lunae

267 880 449 931 multo
472 879 634 932 nobis
659 887 788 936 ante
809 882 1177 950 praedicerel-
1209 881 1294 936 50.
1321 881 1467 943 Quid
1486 881 1547 932 in
1568 877 1873 932 levioribus

267 948 490 1013 studiis,
510 950 609 1002 sed
633 957 818 1004 tamen
837 953 1018 1010 acutis
1029 953 1055 1004 ’ξ
1097 953 1273 1016 Quam
1297 950 1575 1018 gaudebat
1596 949 1743 1001 bello
1770 961 1873 998 suo

265 1016 478 1071 Punico
517 1018 790 1072 Naevius!
831 1023 993 1087 quani
1025 1020 1371 1073 Truculento
1404 1019 1667 1072 Plautus!
1708 1031 1875 1083 quam

267 1085 574 1140 Pseudolo!
617 1087 751 1140 Vidi
779 1091 943 1140 etiam
975 1103 1161 1139 senem
1182 1088 1425 1138 Livium:
1468 1089 1565 1154 qui
1588 1102 1752 1153 quum
1774 1099 1876 1136 sex

267 1156 430 1207 anuis
455 1162 601 1216 unte,
639 1171 806 1222 quam
825 1171 932 1222 ego
954 1161 1117 1206 natus
1142 1171 1280 1218 sum,
1303 1156 1551 1208 fabulam
1572 1155 1876 1215 docuisset.

269 1225 518 1276 Centone
546 1225 936 1291 Tuditanoque
966 1225 1323 1286 Consulibus,
1365 1239 1537 1290 usque
1574 1224 1646 1278 ad
1688 1222 1877 1285 adple-

269 1293 540 1345 scentiam
561 1307 740 1345 meam
765 1293 1038 1360 processit
1058 1298 1263 1346 aetate.
1322 1295 1469 1355 Quid
1492 1293 1561 1347 de
1580 1293 1641 1344 P.
1664 1291 1875 1344 Licinii

271 1362 458 1412 Crassi
481 1367 536 1414 et
555 1363 828 1427 pontificii
849 1368 906 1414 et
929 1362 1111 1414 civilis
1132 1363 1270 1416 iuris
1292 1363 1481 1414 studio
1502 1361 1737 1428 loquar?
1778 1367 1876 1412 aut

271 1427 524 1498 dehulus
543 1429 604 1483 P.
628 1429 920 1497 Scipionis,
959 1431 1057 1498 qui
1076 1429 1161 1482 his
1184 1431 1373 1498 paucis
1396 1430 1591 1485 dicbus
1612 1428 1877 1483 Pontifex
1917 1449 1920 1454 ·

267 1498 542 1553 maximus
565 1498 747 1555 factus
769 1500 890 1553 est?
931 1501 1101 1565 Atqui
1122 1516 1217 1553 eos
1238 1517 1443 1561 omnes,
1474 1516 1613 1568 quos
1638 1514 1874 1553 comme-

269 1568 502 1630 moravi,
521 1566 610 1621 his
631 1568 836 1621 studiis
856 1568 1159 1637 flagrantes
1179 1586 1337 1622 senes
1357 1570 1613 1623 vidimus.
1650 1570 1874 1619 Marem

271 1635 602 1703 Cethegum,
648 1653 808 1706 quem
838 1645 990 1695 recte
1023 1638 1242 1691 Suadae
1281 1641 1565 1693 medullam
1596 1638 1735 1689 dixit
1765 1637 1873 1687 En·

269 1705 420 1767 nius,
463 1712 668 1773 quanto
696 1708 886 1759 studio
917 1708 1164 1762 exerceri
1193 1709 1252 1759 in
1274 1708 1507 1761 dicendo
1529 1708 1872 1767 videbamus,

269 1774 442 1827 ctiam
467 1775 677 1827 senem!
715 1778 872 1839 Quae
903 1783 1032 1827 sunt
1069 1776 1242 1843 igitur
1280 1779 1566 1844 epularum
1597 1783 1693 1829 aut
1720 1774 1874 1828 ludo·

267 1858 394 1895 rum
427 1849 526 1898 aut
553 1850 866 1898 scortorum
897 1845 1217 1913 voluptates
1242 1862 1363 1898 cum
1386 1847 1476 1901 his
1494 1845 1873 1913 voluptatibus

269 1913 706 1979 comparandae}
744 1916 924 1982 Atque
955 1913 1095 1969 haec
1116 1916 1335 1983 quidem
1358 1917 1547 1969 studia
1568 1916 1869 1973 doctrinae.

271 1982 431 2045 Quae
465 1984 687 2049 quidem
718 1984 1081 2050 prudentibus
1114 1991 1170 2037 et
1201 1986 1343 2037 bene
1372 1986 1645 2038 institutis
1666 1983 1877 2048 pariter

273 2064 399 2103 cum
427 2056 616 2103 aetate
645 2059 923 2105 crescunt:
967 2058 1032 2101 ut
1057 2050 1349 2103 honestum
1384 2054 1523 2103 illud
1541 2051 1763 2103 Solonis
1782 2050 1877 2110 sit,

273 2115 424 2186 quod
453 2118 536 2171 uit
565 2119 836 2171 versiculo
869 2119 1137 2186 quodam,
1178 2125 1242 2170 ut
1262 2126 1391 2172 ante
1423 2120 1567 2181 dixi,
1605 2135 1876 2171 senescere

271 2203 355 2250 se,
397 2189 572 2241 multa
601 2187 774 2241 indies
805 2188 1203 2241 addiscentem.-
1246 2203 1357 2253 qua
1386 2188 1675 2255 voluptate
1706 2188 1875 2244 animi
1914 2212 1919 2219 ·

271 2255 432 2309 nullu.
447 2263 598 2309 certe
621 2262 808 2323 potest
829 2272 950 2309 esse
970 2258 1167 2317 maior.
1237 2254 1361 2310 XV.
1394 2254 1482 2309 51.
1526 2256 1707 2309 Venio
1733 2271 1876 2310 nunc

273 2325 348 2377 ud
367 2326 684 2394 voluptates
705 2326 1094 2393 agricolarum,
1126 2325 1321 2393 quibus
1344 2342 1449 2394 ego
1472 2326 1879 2378 incredibiliter

273 2395 550 2451 delector:
596 2410 736 2463 quae
773 2411 878 2449 uec
913 2396 1034 2449 ulla
1066 2394 1444 2463 impediuntur
1467 2400 1777 2455 senectute,
1818 2400 1879 2445 et

273 2462 409 2517 mihi
437 2465 513 2519 ud
540 2466 806 2532 sapientis
835 2466 1009 2520 vitam
1033 2465 1285 2532 proxime
1313 2464 1570 2518 videntur
1595 2461 1875 2515 accedere.

273 2532 502 2587 Habent
543 2536 688 2589 enim
720 2536 993 2607 rationem
1035 2550 1161 2585 cum
1191 2539 1369 2596 terra,
1408 2548 1550 2601 quae
1578 2544 1872 2597 numquam

275 2606 500 2657 recusat
539 2603 860 2673 imperium,
903 2620 1005 2659 nec
1033 2618 1295 2673 umquam
1326 2604 1445 2657 sine
1474 2618 1644 2657 usura
1672 2598 1873 2673 reddit.
