2087 2914
197 55 234 104 ϋ
287 54 295 61 “
739 53 956 108 CATO
998 53 1271 109 MAIOR

203 150 288 206 11.
310 154 615 207 Tarentum
638 169 772 208 vero
797 171 904 223 qua
923 157 1235 224 vigilantia,
1264 171 1375 224 quo
1398 154 1631 210 consilio
1653 169 1791 209 rece-

203 221 314 290 pit!
371 234 540 289 quum
579 223 823 292 quidem,
864 241 954 278 me
995 226 1281 288 audiente,
1324 223 1652 288 Salinatori,
1693 223 1805 291 qui,
1881 225 1900 242 ¹

205 291 411 343 amisso
431 292 657 359 oppido,
680 292 903 362 fugerat
922 295 982 346 in
1003 310 1207 358 arcem,
1246 294 1519 363 glorianti
1536 299 1702 361 atque
1721 293 1805 349 ita

209 360 444 413 dicenti:
480 360 612 415 Mea
641 380 835 432 opera,
877 363 944 429 Q.
964 364 1138 429 Fabi,
1190 363 1489 418 Tarentum
1522 361 1806 430 recepisti.-

208 427 440 494 „C'erte‚
482 431 666 498 inquit
698 432 910 486 ridens:
953 449 1081 488 nam
1110 433 1221 488 nisi
1248 442 1313 486 tu
1342 431 1632 494 amitinos,
1660 445 1809 484 num·

184 513 370 566 *quam
389 501 755 568 recepissem.“
825 502 942 554 Nec
961 517 1095 556 vero
1124 503 1184 554 in
1213 500 1385 554 armis
1414 501 1809 568 praestantior,

209 583 374 634 quam
395 569 457 620 in
475 575 639 637 toga3
673 571 766 637 qui
787 572 994 624 Consul
1013 572 1237 634 iterum,
1257 569 1351 638 Sp.
1374 570 1619 623 Carvilio
1640 569 1811 622 colle·

208 651 284 704 ga
314 637 655 704 quiescente,
697 639 758 692 C.
779 640 1056 692 Flaminio
1092 641 1343 692 Tribuno
1376 639 1583 706 plebis,
1626 635 1812 710 quoad

207 707 417 773 potuit,
443 707 680 771 restitit,
723 723 917 776 agrum
940 710 1203 779 Picenum
1226 715 1283 762 et
1306 709 1581 763 Gallicum
1598 707 1811 760 viritim

213 780 414 827 contra
452 769 690 831 Senatus
731 779 1129 832 auctoritatem
1165 778 1472 838 ,dividentia
1530 791 1813 844 augurque

210 858 380 911 quum
413 852 560 898 esset
568 882 586 912 ,
626 845 810 900 dicere
836 863 1002 900 ausus
1033 854 1149 911 est,
1190 847 1417 916 optimis
1446 845 1713 914 auspiciis
1746 859 1815 897 ea

210 913 356 980 geri,
393 929 536 980 quae
567 929 668 983 pro
700 917 1035 984 reipublicae
1064 917 1247 970 salute
1286 923 1633 983 gererentur3
1672 927 1815 984 quae

211 987 410 1034 contra
427 985 826 1052 rempubucam
848 985 1147 1049 ferrentur,
1176 992 1375 1037 contra
1395 985 1641 1051 auspicia
1659 983 1811 1036 ferri.

211 1047 294 1102 12.
314 1050 500 1104 Multa
520 1054 579 1104 in
598 1069 665 1108 eo
684 1054 808 1106 viro
827 1056 1118 1122 praeclara
1139 1057 1403 1122 cognovi:
1444 1053 1545 1107 sed
1567 1052 1705 1104 nihil
1726 1058 1813 1104 est

210 1119 619 1186 admirabilius,
659 1137 824 1190 quam
855 1124 1135 1191 quomodo
1168 1124 1269 1176 ille
1302 1129 1539 1176 mortem
1561 1122 1684 1190 [Mc]
1707 1120 1813 1172 filii

211 1189 362 1253 tulit,
384 1191 526 1242 clari
543 1193 651 1244 viri
672 1198 730 1245 et
752 1193 1093 1247 Consularis.
1147 1194 1251 1246 Est
1272 1193 1334 1244 in
1352 1193 1608 1246 manibus
1628 1190 1818 1242 lauda-

210 1257 323 1311 tio:
367 1273 532 1326 quam
571 1276 736 1328 quum
774 1262 1028 1332 legimus,
1070 1278 1235 1330 quem
1274 1260 1665 1330 philosophum
1706 1273 1815 1312 non

211 1329 650 1383 contemnimus}
704 1331 824 1386 Nec
853 1347 986 1386 vero
1014 1332 1117 1385 ille
1144 1332 1203 1384 in
1233 1332 1359 1384 luce
1378 1331 1549 1383 modo
1572 1335 1737 1396 atque
1758 1328 1817 1379 in

169 1417 176 1424 ·
213 1398 394 1450 oculis
417 1399 620 1452 civium
643 1415 902 1470 magnus,
945 1401 1047 1455 sed
1072 1402 1224 1453 intus
1248 1400 1507 1470 domique
1535 1404 1819 1469 praestan-

186 1473 192 1480 “
211 1468 343 1521 tior.
397 1468 509 1531 Qui
529 1472 736 1524 sermo!
771 1487 912 1539 quae
929 1471 1252 1539 praecepta!
1276 1477 1483 1538 quanta
1503 1468 1707 1521 notitia
1724 1484 1817 1519 an·

210 1538 517 1605 tiquitatis!
538 1538 678 1607 quae
701 1542 937 1593 scientia
957 1542 1093 1592 iuris
1116 1540 1363 1608 augurii!
1386 1540 1603 1591 Multae
1624 1537 1817 1601 etiam,

213 1612 276 1659 ut
295 1608 356 1659 in
374 1606 597 1662 homine
617 1610 888 1674 Romano,
909 1610 1155 1663 litterae.
1229 1609 1431 1663 Omnia
1450 1607 1721 1663 memoria
1738 1613 1821 1658 te·

214 1677 399 1742 nebat,
420 1694 530 1731 non
551 1678 861 1733 domestica
879 1680 1079 1743 solum,
1088 1678 1197 1735 ,sed
1210 1678 1379 1731 etiam
1399 1684 1633 1732 externa
1650 1676 1819 1729 bella.

214 1746 382 1799 Cuius
402 1763 659 1802 sermone
679 1749 762 1801 ita
777 1755 898 1801 tum
921 1748 1120 1817 cupide
1139 1748 1387 1811 fruebar,
1424 1748 1586 1815 quasi
1604 1746 1719 1799 iam
1740 1744 1799 1801 di

213 1816 489 1882 vinarem,
523 1812 588 1870 'id
607 1818 754 1887 quod
773 1818 978 1881 evenit,
1017 1818 1121 1871 illo
1143 1817 1443 1881 exstincto,
1481 1816 1633 1879 fore,
1672 1813 1819 1867 unde

214 1884 512 1951 discerem,
549 1888 845 1943 neminem.
913 1886 985 1941 V.
1022 1885 1108 1941 13.
1146 1888 1425 1950 Quorsum
1460 1886 1637 1953 igitur
1680 1884 1819 1936 haec

215 1960 331 2007 tam
351 1958 533 2011 multa
553 1956 624 2014 de
643 1956 894 2011 Maximo
909 1958 934 2009 ’ὲ
979 1958 1123 2019 Quia
1142 1957 1397 2025 profecto
1420 1955 1644 2016 videtis,
1665 1952 1819 2005 nefas

215 2040 338 2079 esse
361 2025 543 2089 dictu,
582 2027 841 2080 miseram
875 2025 1051 2079 fuisse
1074 2025 1247 2102 talem
1268 2029 1629 2078 senectutem.
1698 2022 1819 2074 Nec

216 2100 405 2147 tamen
427 2110 615 2147 omnes
638 2102 870 2163 possunt
891 2112 1012 2149 esse
1032 2094 1323 2163 Scipiones
1346 2100 1443 2145 aut
1458 2090 1715 2155 Maximi,
1755 2095 1819 2143 ut

217 2164 433 2217 urbium
465 2164 929 2234 expugnationes,
972 2170 1035 2217 ut
1074 2164 1359 2233 pedestres
1388 2164 1684 2215 navalesve
1701 2170 1705 2174 ’
1723 2174 1821 2228 pu-

216 2248 373 2303 gnas,
409 2239 475 2286 ut
493 2234 648 2287 bella
667 2250 702 2286 a
719 2250 780 2288 se
803 2240 988 2302 gesta,
1023 2241 1089 2286 ut
1110 2231 1423 2301 triumphos
1442 2231 1821 2286 recordentur.

215 2306 319 2355 Est
347 2304 518 2355 etiam
550 2305 736 2372 quiete
768 2310 827 2357 et
861 2319 998 2372 pure
1029 2310 1089 2357 et
1117 2304 1403 2372 eleganter
1432 2307 1591 2355 actae
1616 2300 1823 2355 aetatis

213 2372 434 2443 placida
465 2389 532 2427 ac
560 2372 704 2427 lenis
735 2380 1016 2427 senectus:
1058 2374 1279 2441 qualem
1302 2372 1613 2440 accepimus
1632 2369 1823 2423 Plato·

213 2444 326 2505 nis,
365 2443 460 2511 qui
489 2459 601 2499 uno
631 2450 689 2497 et
723 2444 1073 2511 octogesimo
1102 2459 1247 2495 anuo
1278 2442 1523 2496 scribens
1564 2445 1821 2493 nmrtuus

214 2518 329 2571 est3
368 2514 586 2581 qualem
605 2514 900 2577 Isocratis,
922 2513 1018 2580 qui
1039 2529 1167 2573 eum
1188 2514 1407 2575 librum,
1441 2511 1531 2579 qui
1551 2506 1823 2562 Panathe-

383 2598 402 2611 ²
433 2582 797 2652 inscribitur,
828 2587 1028 2655 quarto
1050 2588 1109 2637 et
1130 2581 1490 2651 nonagesimo
1518 2594 1667 2633 anno
1688 2576 1825 2631 scri·
