2087 2914
330 112 436 171 3&
521 116 790 171 Tuscu
805 116 988 173 LAN.
1024 118 1732 205 DISPUTJleNUM

275 266 278 271 .
328 220 524 284 vitate,
544 236 654 289 qua
672 221 808 277 illae
827 222 1117 287 bestiolae,
1138 224 1492 291 reperiemur.
1545 220 1665 275 XL.
1686 221 1772 274 95.
1794 223 1931 274 Cone

329 293 637 342 temnamus
658 292 835 361 igitur
853 308 1045 345 omnes
1063 294 1328 359 ineptias:
1350 292 1525 360 (quod
1544 292 1690 344 enim
1708 291 1890 341 lenius
1904 297 1930 323 ⁸

328 356 456 411 huic
488 359 710 417 levitati
737 376 935 413 nomen
955 362 1299 428 imponamss)
1336 368 1624 429 totamque
1656 361 1771 411 vim
1791 360 1933 410 bene

331 427 558 481 vivendi
577 430 638 480 in
659 430 830 483 animi
849 431 1050 483 robore
1076 446 1139 481 ac
1150 432 1530 498 magnitudine
1552 428 1930 483 etinomnium

328 510 518 550 rerum
537 496 896 550 humanarum
917 502 1332 567 contemptione
1356 516 1425 551 ac
1444 498 1855 567 despicientia‚·
1872 501 1933 547 et

329 566 391 617 in
422 566 572 617 omni
599 568 807 621 virtute
839 583 1126 635 ponamus.
1198 569 1344 621 Nam
1372 584 1519 621 nunc
1540 568 1763 636 quidem
1786 564 1933 633 cogi·

328 634 634 686 tationibus
655 637 1004 693 mollissimis
1027 638 1425 700 effeminamur,
1462 643 1543 699 ut,
1564 639 1616 691 si
1636 642 1767 688 ante
1786 648 1935 687 mors

330 702 610 765 adventet,
633 720 798 773 quam
821 706 1227 759 Chaldaeorum
1246 707 1523 773 promissa
1544 705 1829 769 consecuti
1849 718 1935 754 sn-

328 784 468 834 mus,
503 773 736 839 spoliati
757 777 973 843 magnis
996 776 1321 843 quibusdam
1338 774 1519 837 bon-is,
1556 774 1725 835 illusi,
1766 772 1937 843 desti·

326 840 543 908 tutique
571 843 877 897 videamur.
947 846 1035 898 96.
1073 844 1237 906 Quod
1272 846 1324 895 si
1350 842 1725 909 exspectando
1756 847 1815 895 et
1846 840 1936 893 de·

327 909 619 963 siderando
642 913 944 980 pendemus
967 915 1182 976 animis,
1196 914 1522 976 cruciamur,
1534 912 1811 982 angimurt
1834 924 1937 977 pro

324 977 427 1031 Dii
453 980 828 1035 immortales!
873 998 1037 1051 quam
1066 985 1177 1036 iter
1205 982 1349 1034 illud
1374 981 1671 1034 iucundum
1703 994 1825 1033 esse
1846 978 1936 1031 de·

324 1047 448 1113 bet,
489 1065 595 1117 quo
639 1052 922 1117 confecto,
963 1053 1119 1105 nulla
1154 1052 1372 1119 reliqua
1400 1066 1561 1114 cura,
1600 1049 1757 1102 nulla
1782 1048 1936 1101 solli·

326 1118 518 1171 citudo
555 1119 747 1172 futura
785 1123 888 1173 sit!
932 1123 1115 1185 Quam
1143 1137 1231 1173 me
1261 1122 1509 1173 delectat
1538 1116 1935 1172 Theramenes!

325 1201 492 1254 quam
532 1188 683 1241 elato
727 1192 910 1242 animo
949 1192 1060 1242 est!
1121 1192 1248 1241 Etsi
1294 1192 1441 1244 enim
1492 1189 1713 1250 flemus,
1769 1200 1934 1254 quum

323 1256 587 1325 legimus,
629 1265 818 1312 tamen
847 1275 958 1311 non
985 1260 1388 1312 miserabiliter
1415 1260 1504 1311 vir
1531 1258 1713 1310 clarus
1736 1256 1936 1308 emori·

234 1326 258 1345 '
323 1330 435 1379 tur.
509 1328 621 1392 Qui
639 1326 822 1396 quum}
854 1329 1137 1382 coniectus
1156 1330 1215 1379 in
1236 1344 1515 1381 carcerem
1532 1327 1769 1393 triginta
1786 1325 1937 1377 iussu

323 1400 984 1464 tyrannorum,venenum
1004 1404 1069 1449 ut
1088 1399 1283 1449 sitiens
1302 1398 1643 1460 obduxisset,
1664 1396 1938 1464 reliquum

325 1466 412 1516 sic
432 1481 463 1526 e
485 1467 687 1533 poculo
709 1468 900 1530 eiecit,
944 1473 1008 1518 ut
1025 1469 1088 1519 id
1118 1474 1437 1533 resonaret3
1478 1483 1585 1535 quo
1606 1467 1797 1519 sonitu
1814 1464 1939 1519 red·

328 1535 472 1602 ditO,
513 1536 778 1600 arridens,
809 1535 1084 1606 Propino,
1126 1539 1337 1606 inquit,
1378 1539 1477 1592 hoc
1492 1539 1683 1605 pulcro
1707 1533 1937 1596 Critiae,

325 1605 424 1672 qui
445 1604 501 1657 in
523 1621 647 1658 eum
672 1604 858 1660 fuerat
877 1608 1253 1660 taeterrimus.
1326 1607 1530 1660 Graeci
1558 1604 1787 1658 enimin
1808 1617 1937 1654 con·

323 1675 485 1726 viviis
526 1675 711 1728 solent
750 1678 1063 1742 nominare,
1101 1679 1191 1730 cui
1220 1678 1481 1745 poculum
1512 1674 1776 1728 tradituri
1806 1674 1936 1724 sint.

325 1742 494 1794 Lusit
513 1745 603 1796 vir
633 1747 892 1812 egregius
913 1743 1164 1798 extremo
1188 1748 1393 1812 spiritu
1405 1782 1421 1809 ,
1460 1761 1628 1812 quum
1648 1746 1762 1796 iam
1782 1757 1937 1808 prae·

326 1812 536 1866 cordiis
575 1821 900 1880 conceptam
941 1821 1178 1866 mortem
1220 1818 1555 1868 contineret:
1596 1827 1831 1879 vereque
1862 1811 1935 1874 ei,

1956 722 2056 758 ““““““

327 1882 418 1934 cui
445 1899 713 1954 yenenum
742 1885 1126 1952 praebiberat,
1164 1890 1404 1938 mortem
1436 1891 1523 1937 est
1560 1901 1683 1938 eam
1704 1895 1939 1962 augura:
2032 1877 2050 1896 ‘¹

323 1957 441 2024 tus,
486 1968 626 2020 quae
644 1954 804 2005 brevi
824 1961 1121 2007 consecuta
1146 1961 1247 2006 est.
1320 1956 1407 2008 97.
1446 1955 1581 2018 Quis
1604 1953 1745 2003 hanc
1765 1948 1939 2000 animi

323 2020 555 2072 maximi
586 2023 922 2090 aequitatem
951 2024 1008 2073 in
1038 2025 1163 2090 ipsa
1194 2037 1375 2075 morte
1396 2023 1678 2081 laudaret,
1718 2018 1769 2068 si
1788 2028 1935 2066 mor-

323 2093 438 2139 tem
476 2090 684 2142 malum
719 2091 1034 2144 iudicat-eti
1074 2091 1249 2143 Vadit
1276 2093 1336 2143 in
1366 2089 1623 2143 eumdem
1654 2099 1935 2144 carcerem

214 2207 228 2216 ,
325 2165 493 2224 atque
530 2159 590 2209 in
633 2159 887 2212 eumdem
926 2162 1121 2228 paucis
1162 2168 1293 2228 post
1330 2161 1487 2212 annis
1528 2154 1798 2225 scyphum
1836 2152 1936 2205 So·

327 2233 540 2292 crates,
596 2228 792 2282 eodem
833 2229 1045 2283 scelere
1085 2231 1358 2293 iudicum,
1398 2243 1508 2297 quo
1548 2233 1935 2295 tyrannorum,

325 2295 718 2351 Theramenes.
791 2300 948 2363 Quae
969 2307 1057 2352 est
1074 2301 1252 2366 igitur
1274 2301 1395 2351 eius
1418 2299 1628 2358 oratio,
1672 2307 1781 2360 qua
1797 2293 1939 2345 facit
2040 2345 2045 2360 ,

327 2382 451 2420 eum
471 2367 634 2420 Plato
655 2383 814 2420 usum
839 2369 986 2435 apud
1003 2369 1235 2431 iudices,
1247 2370 1361 2420 iam
1376 2373 1559 2418 morte
1570 2360 1939 2416 mulctatum?

229 2459 242 2468 ·
325 2434 470 2488 XLI.
490 2427 741 2507 „Magna
759 2455 858 2502 me,
877 2438 1075 2506 inquit,
1098 2454 1214 2506 spes
1236 2446 1401 2502 tenet,
1411 2436 1633 2497 iudices,
1654 2433 1781 2486 bene
1802 2429 1941 2484 milas·

329 2505 567 2568 evenire,
610 2508 972 2574 quodmittar
1001 2509 1077 2560 ad
1103 2516 1342 2558 mortem.
1415 2505 1638 2559 Necesse
1667 2511 1747 2556 est
1776 2501 1940 2562 enim,

327 2569 403 2623 sit
442 2573 670 2627 alterum
711 2579 774 2629 de
805 2577 1047 2638 daubin,-
1086 2584 1153 2626 ut
1176 2584 1277 2628 aut
1306 2590 1489 2628 cenem
1518 2574 1729 2629 omino
1758 2582 1940 2623 omme

327 2657 471 2696 mors
490 2644 848 2719 auferebant
865 2645 926 2700 in
943 2643 1113 2699 alium
1130 2645 1409 2712 quemdam
1426 2647 1599 2736 lofam
1619 2661 1689 2699 ex
1706 2641 1791 2696 hit
1806 2637 1942 2694 loci·
