2087 2914
354 128 461 183 406
551 126 1014 185 TUSCULAN.
1051 126 1801 183 DISPUTATIONUM·

356 232 536 285 dinem
559 247 744 286 rerum
767 232 1298 302 occupationemque
1317 231 1617 295 hominum,
1636 231 1752 286 sive
1765 233 1961 302 etiam,

354 302 504 370 quod
535 302 813 370 imperitis
845 317 914 355 ea
940 302 1168 372 probari
1195 317 1359 370 posse
1385 318 1497 355 non
1516 302 1962 358 arbitrabantur:

391 386 520 424 uum
550 372 798 435 interim,
835 372 950 422 illis
978 372 1276 424 silentibus
1304 370 1365 424 C.
1395 372 1701 440 Amafinius
1740 375 1965 427 exstitit

396 442 572 493 icens:
611 440 764 493 citius
793 440 950 492 libris
991 441 1162 493 editis
1194 446 1477 496 commota
1502 440 1802 495 multitudo
1834 459 1964 497 con-

354 509 489 562 tulit
527 525 588 561 se
627 507 697 560 ad
737 508 988 562 eamdem
1025 510 1377 579 potissimum
1416 509 1555 561 disci
1594 510 1794 574 linam,
1840 513 1962 565 sive

393 578 503 630 uod
535 584 655 629 erat
687 578 916 643 cognitu
945 580 1255 645 perfacilis,
1269 582 1280 589 “
1295 579 1415 630 sive
1444 594 1553 647 quo
1614 580 1962 634 invitabatur

351 648 372 699 i
419 646 630 699 ecebris
649 646 890 701 blandae
911 648 1244 717 voluptatis,
1284 646 1403 701 sive
1432 649 1630 712 etiam,
1670 650 1804 717 quia
1822 648 1962 703 nihil

350 715 635 783 prolatum
674 721 798 768 erat
835 716 1058 782 melius3
1098 718 1267 781 illud,
1304 715 1453 784 quod
1489 724 1634 781 erat,
1674 718 1960 772 tenebant.

350 786 403 837 1.
437 783 576 836 Post
602 784 934 837 Amafinium
963 793 1153 839 autem
1174 786 1341 841 multi
1374 787 1620 840 eiusdem
1634 786 1852 839 'aemuli
1870 803 1963 841 ra,-

347 853 518 905 tionis
540 855 720 907 multa
740 870 904 923 quum
929 856 1312 924 scripsissent,
1354 856 1579 909 ltaliam
1598 861 1775 909 totam
1797 870 1965 909 occu·

348 930 644 992 paverunt:
688 925 942 994 quodque
961 927 1264 979 maximum
1284 932 1670 994 argumentum
1699 930 1812 989 est,
1846 940 1963 977 non

348 992 460 1047 dici
487 993 589 1046 illa
617 995 925 1063 subtiliter,
1001 996 1112 1048 uod
1138 1000 1198 1050 et
1225 994 1393 1049 facile
1430 996 1769 1057 ediscantur,
1809 1000 1866 1047 et
1884 996 1960 1046 ab

345 1062 591 1125 indoctis
612 1065 929 1128 probentur,
948 1064 973 1114 i
1031 1065 1123 1115 illi
1144 1065 1551 1117 firmamentum
1570 1079 1695 1117 esse
1717 1061 1961 1128 discipli-

343 1146 454 1183 nae
476 1136 691 1197 putant.
762 1130 857 1197 Νι
876 1124 1004 1184 ‘Sed
1033 1132 1299 1185 defendat
1328 1134 1477 1199 quod
1507 1133 1738 1200 quisque
1759 1131 1961 1185 sentite

345 1204 476 1250 sunt
501 1198 646 1250 enim
674 1193 885 1249 iudicia
906 1200 1113 1250 liberas
1154 1214 1255 1250 nos
1276 1200 1595 1249 institutum
1622 1202 1962 1263 tenebimus,

239 1260 254 1275 ⁸
343 1267 660 1334 nulliusque
679 1266 840 1318 unius
861 1266 1194 1333 disciplinae
1210 1266 1431 1345 legibus
1454 1264 1729 1326 adstricti,
1755 1269 1961 1333 quibus

313 1324 320 1337 '
341 1337 404 1387 in
428 1332 782 1402 philosophia
798 1326 1451 1401 necessari&pai·eamus,
1492 1330 1628 1399 quid
1646 1332 1721 1383 sit
1740 1333 1799 1385 in
1823 1350 1962 1403 qua-

343 1414 451 1472 que
471 1418 534 1454 re
555 1404 796 1452 maxime
817 1404 1121 1468 probabile,
1144 1416 1360 1468 semper
1380 1401 1740 1472 requiremus.
1790 1402 1964 1466 Quod

343 1485 509 1540 quum
531 1484 698 1536 saepe
717 1469 890 1534 alias,
930 1478 1051 1523 tum
1084 1485 1259 1538 nuper
1276 1470 1336 1521 in
1357 1470 1677 1523 Tusculano
1697 1473 1993 1528 studiose·

343 1538 575 1608 egimus.
647 1539 841 1607 ltaque
897 1540 1174 1609 expositis
1231 1539 1411 1598 tridui
1457 1535 1960 1608 disputationibus,

340 1613 571 1680 quartus
594 1608 715 1662 dies
736 1608 843 1662 hoc
862 1609 1008 1663 libro
1029 1609 1394 1663 concluditur.
1464 1611 1541 1662 Ut
1559 1611 1711 1664 enim
1731 1611 1792 1662 in
1810 1611 1959 1664 infe·

277 1713 285 1721 κ
338 1681 548 1733 riorem
569 1679 1000 1734 ambulationem
1023 1679 1425 1745 descendimus,
1467 1680 1620 1748 quod
1636 1678 1957 1736 feceramus

339 1749 490 1802 idem
506 1749 882 1816 superioribus
903 1749 1117 1813 diebus,
1151 1757 1277 1802 acta
1297 1765 1387 1804 res
1410 1756 1498 1803 est
1516 1750 1629 1803 sic.
1874 1765 1879 1774 ·

447 1819 498 1872 8.
533 1818 612 1870 M.
636 1818 822 1881 Dicat,
845 1819 893 1871 si
913 1820 1036 1886 quis
1058 1820 1192 1882 vult,
1213 1833 1323 1887 qua
1340 1819 1410 1872 de
1427 1835 1489 1872 re
1509 1819 1952 1887 disputarivelit.

339 1891 403 1942 A.
433 1887 560 1940 Non
580 1885 952 1942 mihividetur
971 1888 1135 1970 emnil
1151 1888 1325 1950 animi
1384 1905 1413 1948 e
1464 1941 1469 1946 ,
1534 1889 1763 1946 batione
1784 1904 1955 1956 posse

339 1957 560 2025 sapiens
599 1971 816 2010 vacare.
887 1952 974 2011 M?
1010 1946 1344 2024 'Aegritudin
1384 1951 1520 2026 'iiia
1579 1951 1660 2011 ‘ini‘
1686 1957 1955 2011 hesterna

341 2027 720 2091 disputatione
755 2025 1074 2079 videbatur:
1110 2027 1219 2078 nisi
1257 2026 1407 2080 forte
1444 2027 1713 2095 temporis
1750 2039 1957 2084 caussa

339 2095 503 2145 nobis
527 2095 920 2148 assentiebare.
948 2096 1012 2147 A.
1032 2094 1266 2147 Minime
1283 2109 1435 2148 vero.
1464 2095 1610 2146 Nam
1632 2093 1771 2145 mihi
1788 2107 1956 2160 egre-

337 2164 431 2232 gie
453 2163 692 2230 probata
711 2168 796 2214 est
819 2164 1003 2216 oratio
1023 2169 1140 2216 tua.
1197 2164 1276 2217 Μ.
1312 2162 1439 2216 Non
1457 2163 1635 2232 igitur
1654 2162 1955 2216 existimas

341 2232 541 2286 cadere
559 2231 618 2283 in
635 2230 942 2298 sapientem
977 2232 1415 2302 aegritudinem?
1483 2234 1547 2286 A.
1582 2231 1815 2285 Prorsus
1834 2248 1955 2286 non

339 2303 599 2370 arbitror.
670 2300 750 2353 M.
786 2303 982 2370 Atqui,
1019 2304 1072 2354 si
1102 2303 1217 2355 ista
1244 2301 1571 2368 perturbare
1598 2302 1839 2354 animum
1862 2317 1954 2356 sa·

337 2371 542 2439 pientis
564 2386 674 2423 non
701 2376 916 2437 potest,
959 2371 1114 2423 nulla
1141 2373 1369 2439 poterit.
1442 2370 1591 2434 Quid
1612 2369 1794 2423 enim}
1834 2385 1954 2424 me·

337 2445 499 2492 tusne
520 2440 847 2492 conturbet?
881 2441 954 2492 At
974 2455 1161 2492 earum
1184 2455 1367 2492 rerum
1390 2445 1476 2492 est
1497 2438 1810 2492 absentium
1834 2455 1957 2493 rne-

342 2515 449 2570 tus,
474 2523 704 2576 quarum
722 2509 1096 2574 praesentium
1118 2514 1205 2560 est
1227 2507 1536 2574 aegritudo.
1592 2505 1827 2570 Sublata
1844 2509 1955 2578 igi-

339 2581 433 2626 tur
455 2576 833 2642 aegritudine,
873 2577 1123 2628 sublatus
1154 2584 1241 2628 est
1265 2583 1467 2641 metus.
1538 2576 1776 2630 Restant
1798 2577 1952 2632 duae

341 2645 814 2711 perturbationes,
851 2644 1069 2698 laetitia
1106 2645 1348 2716 gestiens
1389 2651 1448 2700 et
1480 2643 1681 2702 libido:
1723 2661 1868 2718 quae
1900 2649 1951 2700 si
