2087 2914
267 140 392 211 362,
463 124 1684 193 TUSCULAN.DISPUTAT10NUM

371 242 548 295 XXV.
584 230 674 296 60ss
710 242 895 308 Dices,
925 243 1058 311 quid
1086 244 1147 298 in
1165 243 1337 309 paee?
1375 242 1504 313 quid
1526 242 1708 295 domis
1744 245 1862 312 quid

159 304 164 311 ’
266 315 326 367 in
345 301 594 365 lectulo?
639 313 724 364 Ad
747 311 1109 380 philosophos
1128 328 1219 367 me
1239 328 1483 376 revocas,
1505 314 1601 381 qui
1618 313 1675 364 in
1696 316 1861 367 aciem

268 396 381 435 non
399 396 568 449 saepe
585 382 876 448 prodeunt.
949 383 997 433 E
1019 383 1216 450 quibus
1238 381 1408 435 homo
1438 398 1573 435 sane
1604 382 1743 435 levis
1760 384 1865 435 He·
1958 390 1962 394 ’

203 502 210 507 .
267 452 546 505 racleotes
566 452 894 519 Dionysius,
917 460 1085 518 quum
1109 468 1145 506 a
1162 456 1385 507 Zenone
1406 452 1570 505 fortis
1590 468 1711 505 esse
1734 451 1865 502 didi-

213 522 222 536 '
257 522 455 584 ⁸(sisset,
473 536 509 572 a
527 520 720 573 dolore
741 520 1009 577 deductus
1027 528 1133 575 est.
1206 522 1352 577 Nam
1373 537 1538 590 quum
1562 536 1633 573 ex
1650 522 1864 573 renibus

30 596 64 625 Γ
159 598 166 607 ‘
189 588 194 596 “
268 591 570 654 laboraret,
607 590 735 657 ipso
751 589 811 641 in
831 586 1043 643 ‹Siulatu
1066 592 1413 654 clamitabat,
1452 591 1597 643 falsa
1618 604 1739 644 esse
1756 590 1866 653 illa,

271 674 414 727 quae
453 664 621 711 antea
661 659 730 711 do
771 660 964 713 dolore
993 661 1117 728 ipse
1148 661 1427 713 sensisset.
1501 660 1680 723 Quem
1710 676 1865 727 quum

271 726 568 781 Cleanthes
592 728 996 796 condiscipulus
1019 734 1264 797 rogaret,
1287 742 1555 797 quaenam
1576 728 1726 781 ratio
1750 744 1867 781 eum

273 796 342 851 de
365 798 644 850 sententia
665 798 1000 861 deduxisset,
1029 799 1339 864 respondit,
1380 799 1540 860 Quia,
1572 812 1737 864 quum
1755 803 1870 849 tan·

269 874 390 919 tum
417 882 622 935 operae
653 865 1039 935 philosophiae
1071 868 1372 931 dedissem,
1410 867 1661 920 dolorem
1688 874 1871 919 tamen

271 934 420 990 ferre
443 953 553 989 non
574 952 821 1005 possem:
843 938 982 991 satis
1003 947 1154 991 esset
1172 938 1503 1004 argumenti,
1524 936 1734 988 malum
1755 950 1873 989 esse

274 1005 545 1059 dolorem.
601 1006 877 1059 Plurimos
901 1013 1087 1059 autem
1109 1022 1281 1059 annos
1304 1008 1363 1057 in
1380 1004 1733 1075 philosophia
1752 1017 1873 1057 con·

272 1078 507 1143 sumpsi,
547 1086 660 1127 nec‘
679 1076 825 1128 ferre
857 1090 1111 1145 possum:
1150 1076 1362 1127 malum
1394 1082 1483 1128 est
1499 1076 1675 1143 igitur
1697 1074 1867 1127 dolor.

198 1180 200 1187 ·
272 1146 417 1197 Tum
455 1144 806 1207 Cleanthem,
859 1160 1024 1212 quum
1069 1146 1211 1211 pede
1248 1150 1455 1197 terram
1500 1144 1875 1213 percussisset,

191 1268 196 1272 ,
271 1228 494 1267 versum
521 1228 592 1265 ex
611 1212 878 1281 Epigonis
900 1212 1087 1265 ferunt
1108 1214 1341 1266 dixisse:

343 1282 578 1337 Audiam
598 1281 750 1347 llaec,
771 1282 1119 1350 Amphiarae,
1148 1283 1245 1336 sub
1266 1290 1473 1336 terram
1492 1280 1707 1336 dbdo'tess

271 1350 357 1404 o1.
395 1354 672 1404 Zenonem
712 1352 1087 1418 significabat:
1130 1370 1165 1405 a
1208 1368 1317 1420 quo
1351 1353 1509 1404 illum
1528 1350 1881 1421 degenerare

273 1418 516 1473 dolebat.
587 1422 660 1472 At
697 1434 808 1474 non
846 1428 1038 1476 noster
1067 1422 1424 1476 Posidonius:
1470 1437 1632 1491 quem
1672 1426 1729 1475 et
1754 1420 1881 1490 ipse

273 1505 440 1557 saepe
462 1489 603 1553 vidi,
648 1495 705 1542 et
725 1489 784 1542 id
805 1490 986 1545 dicam
1003 1501 1038 1558 ‚‘
1066 1493 1213 1562 quod
1236 1492 1455 1547 solebat
1472 1507 1701 1545 narrare
1719 1489 1881 1543 Pom-

270 1559 455 1628 peius:
477 1573 554 1623 se,
577 1561 742 1626 quum
761 1559 1016 1612 Rhodum
1036 1563 1283 1616 venisset
1304 1563 1579 1617 decedens
1600 1577 1671 1616 ex
1692 1557 1881 1630 Syria,

271 1629 466 1683 audire
503 1631 760 1682 voluisse
785 1629 1172 1683 Posidonium:
1214 1633 1313 1685 sed
1352 1634 1521 1700 qu'um
1562 1631 1885 1694 audivisset,

269 1715 398 1752 eum
419 1700 666 1766 graviter
687 1715 808 1753 esse
829 1712 1075 1768 aegrum,
1110 1701 1256 1769 quod
1276 1700 1635 1756 vehementer
1654 1701 1771 1754 eius
1796 1714 1883 1752 ar·

163 1832 176 1836 ᾖ
269 1777 362 1822 tus
381 1769 720 1832 laborarent,
741 1769 983 1823 voluisse
1005 1777 1195 1824 tamen
1214 1771 1615 1824 nobilissimum
1636 1769 1885 1837 philoso-

123 1841 148 1856 ·‘
165 1845 183 1866 ⁸
196 1849 220 1866 ⁰·
255 1834 440 1908 “phum
461 1837 668 1902 vigere:
713 1853 889 1910 quem⁴
904 1846 970 1911 pt
988 1839 1226 1917 'vid-isset
1254 1846 1311 1893 et
1330 1841 1689 1893 salutavisset
1708 1837 1885 1908 hono-

167 1927 170 1933 ·
267 1908 548 1976 riflcisque
582 1908 766 1959 verbis
798 1916 1123 1974 prosecutus
1150 1916 1299 1962 esset
1324 1911 1668 1982 molesteque
1706 1907 1887 1961 sedi·

267 1979 444 2030 sisset
462 1975 628 2039 ferre,
649 1976 797 2044 quod
818 1989 943 2028 eum
961 1993 1071 2029 non
1093 1986 1285 2047 posset
1306 1975 1525 2044 audire}
1566 1985 1625 2032 at
1644 1978 1761 2041 ille,
1790 1978 1909 2029 Tu·

269 2061 420 2108 vero,
441 2045 634 2111 inquit,
667 2050 826 2112 potes
845 2062 866 2094 s
899 2061 1001 2098 nec
1021 2048 1381 2118 committam,
1418 2055 1482 2100 ut
1500 2049 1662 2100 dolor
1682 2061 1889 2113 corpo-

268 2116 350 2167 ris
371 2113 594 2175 offioiat,
635 2118 700 2164 ut
717 2113 928 2166 frustra
947 2121 1137 2168 tantus
1154 2116 1243 2168 vir
1262 2118 1331 2170 ad
1354 2133 1440 2170 me
1460 2117 1692 2170 venerit.
1763 2116 1889 2170 Ita-

271 2199 375 2253 que
395 2182 683 2245 narrabat,
725 2198 850 2236 eum
885 2186 1135 2250 graviter
1161 2193 1219 2238 et
1250 2187 1473 2254 copiose
1506 2186 1575 2238 do
1608 2183 1715 2236 hoe
1730 2184 1891 2252 ipso,

268 2253 408 2317 nihil
424 2255 552 2305 'esse
571 2252 802 2316 bonum,
842 2255 949 2304 nisi
968 2255 1117 2323 quod
1144 2253 1438 2308 honestum
1459 2261 1632 2318 esset,
1674 2255 1891 2308 euban-

267 2329 384 2376 tem
408 2322 801 2388 disputavisse:
823 2337 1098 2391 quumque
1120 2325 1279 2391 quasi
1295 2324 1449 2378 faces
1470 2323 1759 2377 ei‘doloris
1782 2326 1891 2379 ad-

265 2397 637 2454 moverentur,
661 2405 828 2458 saepe
850 2392 1074 2456 dixisse,
1104 2425 1139 2455 „
1154 2393 1311 2462 Nihil
1332 2394 1452 2461 agis
1474 2393 1660 2447 dolor:
1684 2389 1891 2464 quam-

201 2488 210 2513 ἵ
265 2461 349 2512 vis
371 2461 450 2512 sis
471 2461 753 2526 molestus,
763 2476 1058 2528 numquam
1079 2469 1137 2517 te
1150 2479 1271 2516 esse
1282 2463 1835 2520 confitebormalum.
1849 2471 1892 2500 “

85 2537 107 2554 ·’
134 2576 156 2588 ,
267 2529 612 2598 Omninoque
647 2545 834 2582 omnes
867 2524 1008 2583 olari
1038 2539 1097 2584 et
1126 2533 1409 2584 nobilitati
1440 2533 1663 2590 labores
1685 2542 1893 2592 conte·

266 2599 504 2649 mnendo
542 2599 682 2650 fiunt
723 2601 892 2651 etiam
921 2589 1267 2654 tolerabiles.
1338 2602 1543 2658 XXVI.
1576 2608 1664 2660 62.
1703 2606 1893 2662 Vide-

266 2680 485 2738 musne,
526 2667 672 2736 apud
712 2683 864 2735 quos·
889 2670 1191 2761 w
1230 2668 1421 2727 eorum
1454 2674 1735 2743 ludorum,
1780 2676 1891 2744 qui
