2087 2914
283 110 356 163 02
887 106 1253 215 LAELHJJ

285 213 444 279 rique
465 226 640 279 neque
662 210 718 265 in
749 212 913 266 rebus
943 212 1195 265 humanis
1228 210 1525 278 quidquam
1552 206 1756 279 bonum
1776 222 1875 261 no-

283 288 429 344 runt,
457 281 569 333 nisi
591 282 738 348 quod
757 282 1101 335 fructuosum
1126 283 1224 333 sit:
1256 286 1315 332 et
1336 280 1561 340 amicos,
1591 283 1873 344 tamquam

283 350 540 417 pecudes,
571 366 668 403 eos
688 352 1036 417 potissimum
1057 350 1314 418 diligunt,
1344 364 1415 401 ex
1433 348 1633 416 quibus
1653 353 1878 415 sperant

285 436 350 471 se
369 420 674 473 maximum
695 420 935 471 fructum
957 435 1080 473 esse
1104 425 1379 486 capturos.
1414 418 1507 468 80.
1521 417 1609 467 Ita
1626 413 1879 483 pulcher·

285 488 430 541 rinm
447 489 552 540 illa
573 494 629 539 et
651 489 888 539 maxime
909 488 1155 540 naturali
1175 493 1364 540 carent
1385 486 1658 548 amicitia,
1701 498 1802 551 per
1818 500 1881 537 se

287 565 346 611 et
365 562 594 624 propter
613 572 673 608 se
689 557 1026 622 expetenda:
1068 573 1169 607 nec
1196 556 1304 621 ipsi
1332 553 1437 605 sibi
1458 554 1712 621 exemplo
1734 560 1881 617 sunt,

286 622 425 679 haec
446 626 530 676 vis
553 625 840 677 amicitiae
849 625 1034 692 qualis
1054 631 1114 676 et
1134 630 1339 690 quanta
1356 624 1448 675 sit.
1505 624 1631 690 lpse
1650 622 1795 675 enim
1818 638 1879 675 se

287 695 521 761 quisque
547 694 764 761 diligit,
805 700 994 745 nonrut
1017 693 1259 759 aliquam
1292 708 1325 743 a
1346 708 1406 743 se
1428 693 1549 759 ipse
1570 692 1881 745 mercedem

286 762 479 829 exigat
513 763 768 814 caritatis
799 778 964 823 suae,
1005 762 1105 814 sed
1138 761 1291 828 quod
1316 761 1633 827 perse-sibi
1650 761 1882 829 quisque

288 846 450 883 carus
469 837 572 883 est.
610 830 774 893 Quod
793 832 901 883 nisi
918 830 1067 883 idem
1086 832 1143 883 in
1166 830 1471 881 amicitiam
1493 830 1880 891 transferatur,

283 916 450 953 verus
473 901 686 951 amicus
709 916 1005 967 numquam
1028 902 1358 968 reperietur.
1406 900 1507 950 Est
1530 900 1671 951 enim
1697 901 1745 950 is
1764 900 1883 966 qui-

286 969 412 1022 dem
440 975 723 1037 tamquam
760 970 904 1023 alter
923 970 1087 1023 idem.
1160 966 1245 1021 81.
1266 968 1500 1031 Quodsi
1517 967 1625 1020 hoc
1647 974 1882 1035 apparet

282 1038 341 1090 in
358 1037 572 1100 bestiis,
609 1039 951 1101 volucr-ihus,
989 1037 1275 1099 nantibus,
1312 1038 1655 1105 agrestibus,
1689 1038 1882 1089 cicuri-

281 1108 406 1170 bus,
426 1107 587 1175 feris,
612 1109 848 1173 primum
875 1114 939 1160 ut
959 1123 1022 1159 se
1041 1105 1494 1175 ipsae-diligantt·
1520 1106 1602 1170 (id
1623 1107 1767 1159 enim
1789 1122 1881 1173 pa·

279 1176 422 1227 riter
444 1191 568 1226 cum
589 1176 738 1227 omni
756 1177 1038 1229 animante
1058 1177 1305 1227 nascitur
1315 1181 1353 1238 ε)
1374 1176 1590 1239 deinde,
1619 1182 1685 1227 ut
1700 1176 1881 1242 requi·
1906 1228 1919 1236 „

279 1252 408 1295 rant
431 1250 596 1311 atque
616 1251 908 1312 appetant,
949 1244 1022 1297 ad
1047 1260 1183 1312 quas
1204 1260 1265 1295 se
1288 1244 1587 1311 applicent,
1631 1246 1880 1297 eiusdem

280 1314 502 1381 generis
533 1314 866 1377 animantem
906 1314 1071 1380 idque
1101 1312 1323 1367 faciunt
1348 1329 1471 1365 cum
1503 1314 1779 1367 desiderio
1824 1318 1882 1365 et
1914 1359 1919 1365 .

282 1399 407 1433 cum
429 1384 664 1448 quadam
686 1384 1054 1436 similitudine
1084 1381 1560 1435 amorishumani:
1599 1392 1803 1450 quanto
1824 1382 1880 1433 id

281 1452 463 1518 magis
484 1452 541 1503 in
562 1450 784 1506 homine
806 1453 870 1504 stt
889 1459 1127 1516 natura,
1162 1453 1336 1520 quiet
1355 1454 1559 1522 seipse
1578 1453 1781 1520 diligit,
1824 1461 1882 1505 et

282 1521 518 1576 alterum
543 1523 812 1588 anquirit,
828 1523 984 1574 cuius
1007 1524 1250 1574 animum
1269 1523 1353 1574 ita
1372 1539 1493 1574 cum
1516 1537 1616 1573 suo
1627 1523 1879 1582 misceat,

281 1597 347 1642 ut
381 1589 587 1642 efficiat
621 1607 793 1658 paene
820 1608 986 1644 unum
1019 1607 1089 1644 ex
1128 1592 1372 1644 duobus!
1444 1591 1619 1643 XXII.
1656 1591 1742 1644 82.
1768 1589 1881 1642 Sed

281 1657 533 1727 plerique
555 1676 830 1726 perverse,
853 1678 921 1714 ne
945 1661 1128 1713 dicam
1148 1661 1509 1729 impudenter,
1532 1660 1767 1713 amicum
1788 1658 1881 1712 ha·

281 1727 415 1781 bere
456 1730 624 1780 talem
666 1732 882 1794 volunt,
928 1731 1122 1797 quales
1160 1731 1267 1796 ipsi
1310 1746 1442 1784 esse·
1472 1746 1581 1782 non
1620 1738 1879 1798 possunt:

284 1813 532 1866 quaeque
553 1799 661 1864 ipsi
681 1815 790 1850 non
814 1801 1065 1852 tribuunt
1086 1799 1299 1860 amicis,
1321 1797 1459 1850 haec
1478 1801 1549 1850 ab
1571 1800 1645 1852 iis
1670 1800 1883 1853 deside-

281 1874 426 1920 rant.
498 1867 608 1918 Par
630 1875 718 1920 cst
738 1876 942 1931 autem,
972 1869 1211 1935 primum
1232 1868 1413 1934 ipsum
1439 1884 1561 1922 esse
1582 1870 1759 1921 virum
1784 1871 1883 1922 bo·
1954 1888 1966 1892 ·

277 1953 427 1999 num,
467 1943 585 1988 tum
606 1939 844 1990 alterum
863 1938 1211 1991 simi-[emani
1235 1953 1516 2005 quaerere.
1587 1940 1649 1990 ln
1670 1938 1877 1990 talibus

279 2021 366 2066 ea,
393 2021 556 2072 quam
580 2005 1244 2066 iamdudum-tractamus,
1276 2007 1567 2058 stabilitas·
1580 2006 1879 2070 amicitiae,

280 2073 595 2124 confirmari
623 2081 848 2140 potestz.
881 2087 1047 2138 quum
1068 2070 1321 2124 homines
1343 2072 1729 2124 benevolentia
1750 2089 1876 2126 con-

277 2141 483 2204 iuncti,
521 2141 759 2207 primum
783 2139 1185 2208 cupiditatibus
1216 2141 1311 2203 iis,
1354 2142 1551 2208 quibus
1572 2143 1746 2194 ceteri
1764 2160 1879 2196 ser-

181 2269 192 2284 *
279 2211 457 2273 viunt,
479 2209 1073 2282 imperabunt,.deinde
1094 2211 1375 2276 aequitate
1399 2211 1721 2278 iustitiaque
1743 2229 1878 2281 gau-

283 2280 518 2344 debunt,
559 2279 850 2346 omniaque
873 2279 1016 2331 alter
1039 2295 1139 2346 pro
1163 2281 1341 2334 altero
1363 2281 1669 2347 suscipiet,
1698 2297 1878 2349 neque

279 2350 576 2418 quidquam
596 2364 856 2416 umquam
877 2349 983 2400 nisi
1017 2345 1321 2402 henestum-
1334 2355 1390 2404 et
1409 2357 1619 2402 rectum
1642 2350 1787 2405 alter
1806 2353 1875 2404 ab

279 2419 459 2472 altero
483 2420 813 2487 postulabitz
835 2435 1012 2488 neque
1005 2420 1216 2486 ‚solum
1242 2420 1346 2490 [se]
1360 2419 1557 2472 »colent
1577 2420 1719 2473 inter
1740 2438 1801 2474 se
1811 2439 1878 2476 ac

281 2485 536 2556 diligent,
567 2490 665 2542 sed
689 2491 858 2543 etiam
879 2491 1235 2547 verebuntur..
1308 2489 1450 2542 Nam
1471 2489 1769 2544 maximum
1790 2507 1877 2545 or·

281 2564 602 2609 nannentum
623 2560 902 2614 amicitiae
925 2559 1107 2621 tollit,
1148 2559 1241 2624 qui
1262 2574 1332 2612 ex
1353 2575 1423 2613 ea
1445 2558 1599 2612 tollit
1619 2576 1867 2616 verecun-

283 2622 451 2680 diam.
488 2626 574 2680 83.
597 2627 791 2696 ltaque
813 2629 872 2680 in
892 2628 960 2681 iis
978 2628 1325 2696 perniciosus
1348 2633 1433 2682 cst
1452 2644 1625 2696 error,
1648 2632 1744 2702 qui
1766 2632 1853 2686 exi
