2087 2914
313 122 383 174 os
933 106 1293 171 LAELms

313 222 466 274 Satis
506 227 629 274 erat
667 218 1028 289 respondere,
1078 233 1311 291 magnas
1324 234 1347 279 ‚·
1395 217 1667 289 ingentes,
1714 212 1911 281 inquit.

313 290 543 357 Semper
561 296 730 359 auget
747 294 1063 343 assentator
1083 288 1161 352 id,
1192 286 1339 355 quod
1358 286 1425 351 is,
1460 286 1613 339 cuius
1630 283 1705 337 ad
1722 282 1913 336 volun·

309 366 488 413 tatem
508 358 734 422 dicitur,
773 359 895 411 vult
914 372 1036 411 esse
1058 372 1337 427 magnum.
1406 356 1495 409 99.
1526 353 1916 434 Quamobrem,

312 428 563 497 quamvis
583 427 792 482 blanda
809 428 924 479 ista
939 428 1162 482 vanitas
1184 425 1331 494 apud
1348 440 1447 479 eos
1466 424 1671 486 valeat,
1692 437 1789 504 qui
1806 434 1917 487 ipsi

311 498 472 550 illam
515 497 784 554 allectam:
811 503 870 550 et
896 496 1168 549 invitant:
1210 502 1399 548 tamen
1427 495 1601 547 etiam
1628 504 1916 561 graviores

315 567 832 634 constantioresque
853 565 1191 619 admonendi
1208 570 1355 627 sunt,
1374 570 1440 616 ut
1460 564 1705 616 animum
1727 559 1920 641 adver·

315 636 458 697 tant,
479 650 548 687 ne
572 635 780 687 callida
801 636 1181 689 assentatione
1202 634 1514 699 capiantur.
1548 633 1755 697 Aperte
1770 642 1917 682 emm

313 703 636 756 adulantem
659 719 820 757 nemo
843 718 954 755 non
975 703 1151 765 videt,
1173 702 1283 754 nisi
1304 702 1400 768 qui
1418 700 1719 753 admodum
1731 704 1815 751 est
1826 711 1919 779 ex-

315 786 458 825 cors.
505 772 751 825 Callidus
773 773 871 825 ille
893 777 952 825 et
973 772 1227 825 occultus
1240 786 1317 824 ne
1341 786 1403 823 se
1423 771 1689 831 insinuet,
1708 766 1922 819 studio-

315 855 377 893 se
408 840 712 895 cavendum
739 848 841 894 cst.
912 840 1032 895 Nec
1060 842 1209 895 enim
1244 839 1518 895 facillime
1546 837 1923 907 cognoscitur,

317 910 522 979 quippe
562 910 656 977 qui
687 911 861 963 etiam
887 910 1237 969 adversando
1266 924 1437 977 saepe
1466 912 1807 971 assentetur3
1846 911 1925 967 et,

315 979 544 1048 litigare
565 995 627 1032 se
647 978 934 1043 simulans,
955 979 1293 1042 blandiatur,
1330 984 1499 1047 atque
1520 978 1595 1030 ad
1614 982 1925 1057 extremum

320 1049 417 1101 det
437 1064 648 1110 manus,
670 1050 925 1116 vincique
945 1065 1006 1101 se
1025 1050 1300 1117 patiaturz
1320 1053 1385 1099 ut
1402 1048 1471 1109 is,
1492 1046 1807 1113 quiillusus
1828 1050 1925 1107 sit,

321 1118 449 1183 plus
490 1117 698 1168 vidisse
726 1116 1003 1169 videatur.
1077 1116 1224 1180 Quid
1253 1122 1444 1168 autem
1473 1115 1719 1182 turpius,
1759 1128 1931 1180 quam

321 1183 520 1303 illludiss
569 1182 733 1248 Quod
763 1200 832 1237 ne
863 1184 1110 1247 accidat,
1151 1183 1457 1237 cavendum
1484 1190 1599 1247 cst,
1634 1188 1699 1235 ut
1718 1183 1776 1236 in
1797 1184 1931 1249 Epi·

326 1268 356 1303 c
383 1267 506 1305 ero:

393 1320 576 1375 Hodie
593 1336 677 1374 me
697 1328 828 1375 mite
839 1336 1027 1375 ornnes
1046 1321 1279 1375 οόηιίσοε
1298 1322 1498 1376 stult&
1514 1336 1664 1377 senes

400 1388 652 1442 Versaris
671 1400 838 1457 atque
858 1390 1098 1459 [laseris]
1122 1390 1441 1445 lautissime.

327 1453 448 1512 100.
485 1459 646 1511 Haec
669 1461 816 1512 enim
837 1460 1007 1512 etiam
1027 1461 1091 1512 in
1108 1457 1315 1516 fabul-is
1336 1460 1673 1514 stultissima
1690 1475 1934 1528 persona

327 1534 431 1590 cst,
469 1527 906 1594 improvidorum
927 1536 984 1582 et
1003 1529 1355 1583 credulorum
1376 1545 1586 1584 semim.
1658 1529 1795 1593 Sed,
1836 1545 1933 1584 ne-

327 1597 446 1649 seio
469 1610 578 1664 (1¹10
599 1601 764 1664 pacto
779 1632 794 1658 9
833 1597 902 1649 ab
925 1600 1193 1654 amicitiis
1220 1599 1599 1668 perfectorum
1627 1598 1937 1662 hominum,

325 1664 387 1716 id
408 1673 512 1730 est,
541 1665 881 1733 sapientium
901 1665 995 1728 (de
1014 1663 1122 1720 hac
1144 1669 1266 1720 dico
1290 1670 1583 1737 sapientia,
1618 1683 1761 1736 quae
1778 1667 1937 1720 vide·

325 1737 502 1786 turin
522 1732 800 1788 hominem
823 1733 1021 1790 cadere
1043 1739 1231 1803 posse)
1267 1739 1341 1788 ad
1364 1741 1517 1793 leves
1540 1738 1819 1791 amicitias
1842 1735 1936 1789 de-

327 1799 488 1855 flexit
509 1803 712 1856 oratio.
785 1803 1157 1866 Quamobrem
1192 1803 1265 1858 ad
1292 1805 1397 1859 illa
1422 1809 1601 1874 prima
1616 1807 1935 1867 redeamus,

330 1888 504 1941 caque
524 1873 646 1938 ipsa
665 1872 1057 1927 concludamus
1076 1873 1395 1942 aliquando.
1868 1889 1895 1898 “

433 1941 660 1995 XXVII.
695 1941 918 2006 Virtus,
958 1943 1157 2005 virtus,
1197 1945 1449 2012 inquam,
1490 1945 1551 1998 c.
1574 1942 1752 1996 Fanni
1772 1949 1833 1996 et
1850 1949 1941 2007 tu,

331 2013 400 2072 Q.
419 2009 600 2072 Muci,
643 2015 702 2062 et
725 2011 987 2062 conciliat
1017 2011 1295 2062 amicitias
1326 2019 1385 2064 et
1403 2017 1715 2064 conservat.
1782 2011 1848 2062 ln
1867 2025 1943 2065 ea

332 2083 421 2129 est
439 2078 583 2128 enim
605 2077 994 2130 convenientia
1009 2092 1227 2141 rerum,
1268 2078 1325 2130 in
1347 2093 1415 2131 ea
1434 2079 1745 2141 stabilitas,
1788 2079 1847 2130 in
1866 2095 1943 2132 eu

332 2146 677 2197 constantia:
720 2161 861 2213 quae
885 2161 1053 2213 quum
1076 2161 1137 2198 se
1156 2147 1359 2200 extulit
1378 2153 1437 2199 et
1466 2147 1713 2200 ostendit
1742 2149 1941 2202 lumen

330 2229 512 2276 suum,
549 2219 607 2265 et
628 2213 776 2266 idem
796 2213 1055 2282 adspexit
1076 2217 1413 2284 agnovitque
1430 2216 1493 2268 in
1514 2217 1659 2269 alio:
1698 2216 1771 2269 nd
1790 2217 1855 2268 id
1872 2233 1941 2271 se

331 2283 616 2348 admovet,
655 2284 1008 2352 vicissimque
1036 2285 1239 2353 accipit
1266 2285 1435 2350 illud,
1472 2285 1621 2354 quod
1661 2287 1723 2338 in
1749 2287 1937 2341 altero

332 2359 446 2406 cst:
488 2368 557 2406 ex
580 2369 689 2422 quo
713 2367 903 2407 eorum
925 2353 1239 2408 exardescit
1258 2355 1377 2408 sive
1398 2370 1575 2420 amor,
1606 2355 1725 2409 sire
1748 2357 1942 2408 amici·

327 2422 437 2475 tia.
487 2424 798 2491 Utrumque
815 2423 964 2476 enim
983 2424 1193 2477 dictum
1214 2431 1301 2478 est
1321 2426 1391 2478 ab
1413 2424 1669 2478 amando.
1732 2427 1940 2478 Amare

333 2497 519 2543 autem
539 2492 686 2544 nihil
703 2493 860 2545 aliud
879 2501 981 2556 cst,
1011 2495 1125 2546 nisi
1143 2509 1270 2547 eum
1290 2494 1473 2563 ipsum
1498 2494 1750 2564 diligere,
1770 2507 1941 2563 quem

333 2571 506 2621 ames,
527 2563 681 2612 nulla
698 2561 1024 2630 indigentia,
1046 2561 1203 2616 nulla
1222 2563 1480 2618 utilitate
1494 2566 1765 2634 quaesita.
1812 2561 1939 2617 101.

335 2627 490 2688 Quae
517 2633 700 2708 tamen
736 2629 858 2695 ipsa
880 2629 1177 2686 efflorescit
1202 2647 1271 2686 ex
1292 2634 1564 2698 amicitia,
1606 2636 1777 2690 etiam
1800 2634 1937 2687 situ

1736 2809 1771 2820 .-
