2087 2914
249 138 318 195 28
365 178 388 210 ,
791 139 1008 193 exre
1047 138 1315 192 MAma

250 245 370 291 tur:
389 252 494 291 nec
511 238 752 307 sapienti
767 254 940 307 usque
959 240 1032 292 ad
1053 238 1313 293 Plaudite
1330 238 1639 294 vivendum.
1674 236 1855 292 Breve

252 306 399 360 euim
427 314 650 375 tempus
680 311 884 361 aetatis
899 310 1053 361 rsatis
1084 318 1171 361 est
1188 311 1416 376 longum
1439 310 1509 361 ad
1526 310 1667 360 hene
1687 305 1856 359 hone-

252 382 451 443 steque
467 377 784 429 vivendum.
853 377 950 429 Sin
974 380 1312 444 processeris
1332 379 1572 447 longius,
1614 392 1725 427 non
1744 388 1861 425 ma·

255 444 346 513 gis
371 444 667 497 dolendum
687 450 792 509 est,
827 460 991 513 quam
1013 448 1294 515 agricolae
1314 449 1525 509 dolent,
1556 444 1861 513 praeterita

255 514 418 567 verni
441 514 707 581 temporis
745 516 1050 579 suavitate,
1088 525 1361 569 aestatem
1400 521 1861 579 auctumnumque

256 582 492 635 venisse.
562 580 680 634 Ver
709 584 854 635 enim
888 590 1172 653 tamquam
1202 585 1635 637 adolescentiam
1658 580 1865 651 signiti-

261 656 380 714 cat,
417 651 772 719 ostenditque
811 652 1028 705 fructus
1070 653 1316 705 futuros:
1336 656 1576 720 ¹reliqua
1612 659 1867 717 tempora

261 718 609 771 demetendis
645 720 917 773 fiuctibus
947 729 1005 775 et
1033 722 1403 790 percipiendis
1443 719 1867 774 accommodata

259 792 408 839 sunt.
443 784 530 840 ⁷1.
551 788 788 842 Fructus
811 798 997 844 autem
1017 793 1321 845 senectutis
1342 798 1444 854 est,
1454 796 1519 842 ut
1538 802 1707 858 saepe
1732 787 1867 849 dixi,

260 861 394 909 ante
421 861 710 923 partorum
738 860 1010 915 bonorum
1037 863 1309 915 memoria
1342 868 1397 912 et
1418 860 1595 927 eopia.
1666 858 1869 910 Omnia

259 940 414 989 vern,
438 940 578 993 quae
599 926 898 981 secundum
919 938 1175 983 naturam
1198 932 1354 993 fiunt,
1396 936 1525 982 sunt
1540 927 1794 981 habenda
1811 926 1867 975 in

235 996 442 1048 -bonis.
475 996 623 1059 Quid
645 1003 733 1048 est
753 1005 940 1051 autem
961 1008 1077 1052 tam
1100 1000 1397 1051 secundum
1422 1004 1869 1063 naturam‚quam

262 1065 488 1116 senibus
511 1066 720 1116 emori}
759 1068 918 1129 Quod
937 1069 1088 1119 idem
1108 1068 1383 1135 contingit
1409 1063 1870 1125 adolescentibus,

267 1131 598 1184 adversante
621 1138 680 1183 et
699 1142 1043 1200 repugnante
1066 1141 1282 1188 natura.
1338 1136 1532 1201 Itaque
1554 1133 1870 1184 adolescen-

266 1206 355 1251 tes
376 1200 523 1250 mori
542 1200 626 1251 sic
643 1201 779 1253 mihi
797 1203 1074 1267 videntur,
1090 1210 1155 1253 ut
1175 1216 1299 1273 cum¹
1323 1217 1500 1269 aquae
1518 1198 1873 1253 multitudine

264 1267 354 1319 vis
373 1266 628 1321 flammae
651 1271 1010 1337 opprimitur:
1033 1286 1193 1324 senes
1214 1278 1414 1333 autem,
1427 1270 1570 1322 sicut
1592 1286 1692 1324 sua
1712 1284 1874 1335 spon·

266 1344 346 1399 te,
385 1337 542 1396 nulla
564 1339 817 1394 adbibita
838 1341 910 1402 vi,
933 1348 1291 1407 consumptus
1313 1342 1459 1407 ignis
1481 1340 1872 1405 exstinguitur.

267 1406 360 1469 Et,
399 1407 560 1474 quasi
579 1422 745 1474 poma
765 1422 835 1462 ex
855 1409 1167 1472 arboribus,
1206 1410 1257 1460 si
1282 1409 1449 1461 cruda
1469 1416 1614 1472 sunt,
1646 1409 1704 1459 vi
1728 1406 1875 1460 avel-

270 1475 486 1539 luntur-3
519 1478 569 1527 si
589 1483 811 1529 matura
833 1484 889 1529 et
907 1485 1083 1541 cocta,
1126 1479 1407 1532 decidunt:
1451 1477 1531 1530 sic
1550 1480 1722 1529 vitam
1748 1475 1879 1528 ado·

269 1545 606 1597 lesccntibus
627 1547 713 1598 vis
735 1547 938 1610 aufert,
967 1549 1189 1600 senibus
1212 1548 1535 1600 maturitas:
1580 1560 1720 1614 quae
1742 1543 1873 1595 mihi

271 1613 492 1681 quidem
512 1621 631 1666 tam
649 1615 889 1667 iucunda
910 1623 1012 1681 est,
1053 1625 1131 1680 ut,
1168 1633 1275 1684 quo
1298 1618 1527 1684 propius
1552 1617 1621 1668 ad
1641 1619 1875 1666 mortem

270 1683 552 1746 accedam,
596 1685 754 1750 quasi
773 1692 980 1737 terram
998 1687 1188 1738 ridere
1210 1687 1429 1750 videar,
1469 1685 1877 1754 aliquandoque

269 1751 332 1801 in
350 1757 571 1818 portum
595 1767 665 1804 ex
683 1753 856 1821 longa
873 1755 1229 1823 navigatione
1260 1770 1381 1808 esse
1402 1761 1682 1807 venturus.
1752 1752 1877 1804 XX.

271 1821 358 1873 ⁷2.
397 1821 655 1873 Omnium
685 1828 934 1875 aetatum
967 1830 1153 1877 certus
1186 1831 1273 1888 est,
1294 1825 1586 1876 terminus:
1629 1828 1878 1875 senectu-

269 1889 345 1940 tis
367 1896 554 1944 autem
589 1891 774 1944 nullus
796 1900 978 1946 certus
1001 1900 1089 1946 est
1112 1895 1383 1947 terminus
1397 1895 1425 1957 ξ’
1450 1895 1711 1958 recteque
1728 1892 1788 1941 in
1810 1904 1877 1940 ea

267 1959 505 2021 vivitur,
549 1961 734 2026 quoad
769 1972 966 2012 munus
991 1963 1163 2014 officii
1182 1965 1413 2030 exsequi
1436 1965 1492 2013 et
1513 1961 1659 2012 tueri
1675 1957 1876 2024 possis,

270 2031 328 2077 et
347 2032 535 2079 tamen
554 2035 791 2080 mortem
813 2037 1183 2081 contemnere.
1240 2031 1327 2079 Ex
1348 2044 1455 2095 quo
1477 2029 1558 2090 fit,
1584 2034 1649 2077 ut
1672 2026 1875 2077 animo·

268 2093 390 2146 sior
407 2095 580 2146 etiam
599 2103 854 2148 senectus
875 2098 968 2158 sit,
993 2111 1157 2162 quam
1179 2096 1569 2158 adolescentia,
1591 2101 1647 2147 et
1658 2093 1875 2145 fortior.

272 2163 398 2214 Hoc
423 2163 570 2213 illud
603 2170 715 2228 est,
761 2165 908 2230 quod
928 2165 1225 2217 Pisistrato
1254 2171 1492 2232 tyranno
1514 2180 1548 2214 a
1569 2163 1773 2215 Solone
1788 2176 1874 2214 re·

272 2245 534 2298 sponsum
573 2238 688 2297 est,
730 2247 896 2299 quum
925 2234 1018 2285 illi
1041 2235 1356 2302 quaerenti,
1398 2244 1505 2302 qun
1540 2233 1760 2285 tandem
1782 2247 1875 2298 spe

261 2302 452 2374 fretus
473 2301 578 2354 eibi
599 2311 712 2354 tam
733 2303 1020 2355 audaciter
1042 2303 1341 2365 obsisteret,
1361 2301 1716 2369 respondisse
1740 2300 1877 2353 dici-

269 2379 381 2434 tur,
403 2370 707 2426 Senectute.
777 2371 888 2424 Sed
908 2373 1135 2425 vivendi
1154 2373 1282 2423 finis
1302 2377 1387 2422 est
1409 2372 1666 2438 optimus,
1687 2385 1872 2437 quum,

268 2441 493 2507 integra
518 2446 704 2494 mente
734 2443 1047 2509 ceterisque
1080 2441 1357 2504 sensibus,
1399 2455 1537 2508 opus
1566 2441 1690 2508 ipsa
1716 2453 1875 2492 suum

273 2508 485 2572 eadem,
505 2525 648 2576 quae
671 2513 1101 2579 coagmentavit,
1120 2516 1323 2564 natura
1342 2509 1617 2563 dissolvit.
1688 2507 1767 2561 Ut
1782 2525 1877 2562 na·

271 2593 416 2641 vem,
449 2583 514 2630 ut
535 2580 849 2632 aedificium
868 2581 1018 2634 idem
1043 2581 1281 2634 destruit
1303 2579 1592 2644 facillime,
1635 2579 1733 2650 qui
1754 2594 1877 2632 con-

277 2647 511 2705 -truxitz
553 2648 935 2709 sic-hominem
957 2651 1153 2710 eadem
1174 2651 1403 2722 optime,
1444 2666 1586 2723 quae
1608 2649 1877 2720 congluti-
