2087 2914
531 122 696 179 1213.
730 120 840 210 ¹3¹·
913 121 1083 185 CAP.
1104 84 1207 188 ,s
1226 120 1311 180 aa.
1624 125 1729 183 390

126 226 422 281 Cleanthes
444 226 666 295 quidem
703 242 768 282 sa
805 227 1012 279 ientem
1031 227 1377 279 consolatur:
1418 226 1515 295 qui
1535 242 1727 282 conso-
1762 240 1777 255 “

125 297 340 349 latione
360 311 471 348 non
489 302 640 363 eget.
711 242 864 347 Nili-nil
885 296 1033 349 enim
1054 310 1177 349 esse
1196 296 1421 359 malum,
1444 297 1595 365 quod
1612 304 1729 350 tur·
1772 335 1781 344 ,

130 380 200 433 pe
220 380 328 418 non
345 367 436 427 sit,
477 366 529 417 si
547 366 603 416 lu
645 365 758 417 enti
776 365 1144 432 persuaseris,
1182 380 1295 417 non
1310 371 1373 417 tu
1392 365 1481 417 illi
1500 366 1729 429 luctum,

129 434 231 487 sed
267 434 566 486 stultitiam
637 434 924 487 etraxeris.
993 436 1251 488 Alienum
1294 441 1479 488 autem
1508 441 1729 501 tempus
1808 468 1817 473 -

131 502 384 555 docendi.
456 504 532 554 Et
558 509 746 555 tamen
779 518 888 555 non
927 506 1067 557 satis
1104 502 1244 557 mihi
1272 504 1495 557 videtur
1521 504 1731 557 vidisse

130 570 238 624 hoc
249 569 562 634 Cleanthes,
586 573 788 639 suscipi
811 572 1115 640 aliquando
1138 574 1543 645 aegritudinem
1564 568 1731 640 posse

133 654 204 693 ex
223 654 289 691 eo
310 640 450 705 ipso,
471 640 620 708 quod
641 656 761 694 esse
781 657 1053 695 summum
1075 646 1281 697 malum
1293 642 1588 697 Cleanthes
1607 643 1733 709 ipse

71 746 80 753 -
130 708 392 761 fateatur.
464 708 610 770 Quid
629 710 772 760 enim
796 710 1074 763 dicemus?
1112 728 1279 781 quum
1302 712 1561 767 Socrates
1589 711 1733 765 Alci-
1820 741 1825 747 ·

130 778 284 831 biadi
302 778 694 845 persuasisset,
718 782 794 833 nt
814 778 1126 847 accepimus
1138 813 1154 839 ,
1194 794 1323 829 eum
1338 780 1479 832 nihil
1495 780 1733 832 hominis

132 864 281 909 csse,
323 862 424 900 nec
451 848 751 915 quidquam
779 846 926 907 inter
951 845 1320 909 Alcibiadem,
1360 862 1573 900 summo
1604 849 1731 901 loco

133 922 342 979 natum,
381 921 438 967 et
459 931 642 985 quemi
656 916 704 967 is
721 915 969 967 baiulum
987 915 1279 967 interesse:
1322 929 1489 981 quum
1508 932 1569 969 se
1586 916 1734 969 Alci-

130 984 329 1039 biades·
348 983 671 1048 afflictaret,
715 984 1123 1051 lacrimansque
1152 982 1372 1035 Socrati
1394 986 1630 1052 supplex
1650 1000 1735 1037 es·

131 1060 245 1117 set,
284 1060 347 1122 ut
366 1056 475 1107 sibi
505 1056 768 1107 virtutem
796 1052 1071 1115 traderet,
1110 1052 1622 1121 turpitudinemque
1642 1052 1736 1107 ‹le-

133 1124 397 1193 pelleret:
442 1124 574 1191 quid
597 1123 859 1185 dicemus,
900 1120 1202 1175 Cleanthe}
1241 1138 1387 1187 num,
1426 1124 1485 1175 in
1514 1124 1617 1176 illa
1654 1138 1735 1187 re,

133 1208 277 1261 quae
309 1192 658 1261 aegritudine
693 1190 1034 1245 Alcibiadem
1078 1192 1379 1256 afficiebat,
1418 1193 1555 1245 mali
1586 1189 1735 1259 'nihii

134 1262 342 1317 fuisse?
377 1262 784 1325 78„Quidzilla
800 1260 1068 1331 Lyconis,
1109 1263 1299 1331 qualia
1319 1262 1479 1314 santi
1514 1262 1625 1329 qui,
1646 1278 1735 1314 ae·
1770 1270 1837 1295 ‘³-
1883 1247 1921 1300 -¹
1978 1297 1983 1307 .

130 1332 471 1454 {citudinem
493 1338 822 1395 extenuans,
863 1332 1049 1399 parvis
1070 1333 1157 1383 ait·
1172 1346 1297 1385 eam
1316 1333 1481 1384 rebus
1503 1330 1735 1393 moveri,

159 1408 390 1455 ortunae
421 1408 480 1455 et
510 1402 756 1472 corporis
790 1401 1186 1465 incommodis,
1226 1415 1339 1453 non
1360 1401 1532 1453 animi
1548 1400 1731 1453 malis.

129 1471 315 1534 auidi
357 1487 488 1540 ergo
511 1473 680 1536 illud,
722 1471 1207 1541 quod‘Alcibiades
1238 1471 1488 1536 dolebat,
1528 1487 1639 1523 non
1662 1477 1746 1524 ex«

129 1541 304 1594 animi
332 1541 493 1593 malis
521 1543 782 1610 vitiisque
811 1541 1138 1595 constabat?
1176 1542 1261 1593 Ad
1282 1541 1511 1608 Epicuri
1540 1555 1731 1592 conso-

21 1615 24 1624 '
131 1612 399 1663 lationem
420 1610 560 1662 satis
582 1616 668 1662 est
689 1615 818 1662 ante
837 1610 1065 1662 dictum.
1137 1609 1392 1663 xxxin.
1414 1610 1499 1662 79.
1522 1610 1608 1662 Ne
1628 1607 1733 1660 illa
1840 1627 1851 1640 ‘

129 1679 353 1749 quidem
375 1679 683 1730 consolatio
703 1679 1020 1730 firmissima
1037 1683 1155 1740 est,
1193 1691 1525 1745 quamquam
1544 1683 1604 1730 et
1622 1677 1731 1729 usi-
1792 1715 1801 1720 .

128 1755 252 1802 tata
271 1753 358 1802 est
377 1753 434 1800 et
453 1762 626 1816 saepe
638 1747 890 1814 prodest:
913 1747 1040 1799 Non
1060 1747 1168 1800 tibi
1185 1745 1291 1798 boc
1311 1746 1437 1800 soli.
1495 1745 1740 1799 Prodest
1816 1808 1826 1814 ἱ

126 1818 271 1872 haec
292 1817 527 1886 quidem,
565 1823 630 1868 ut
649 1817 788 1880 dixi,
817 1817 918 1869 sed
937 1832 1040 1868 nec
1061 1830 1299 1883 semper,
1336 1831 1441 1870 nee
1460 1815 1729 1869 omnibus.
2060 1865 2062 1868 Α

127 1888 270 1943 Sunt
291 1888 454 1948 enim,
476 1887 570 1953 qui
591 1892 879 1954 respuant:
913 1886 1011 1938 sed
1031 1884 1225 1954 Q,
1260 1899 1367 1952 quo
1388 1885 1557 1938 modo
1580 1882 1729 1937 adhi⁴

125 1958 345 2013 beatur.
417 1955 492 2008 Ut
511 1955 657 2008 en'im
677 1956 871 2009 tulerit
891 1955 1121 2023 quisque
1146 1969 1367 2018 eorum,
1406 1954 1501 2022 qui
1519 1954 1733 2020 sapien·
1981 1952 2041 1964 u

130 2021 222 2080 ter¹
243 2028 546 2088 tulerunt,x
564 2040 674 2079 non
709 2039 818 2094 quo
849 2025 1081 2091 quisque
1107 2023 1459 2076 incommodo
1500 2023 1733 2076 affectus

127 2098 220 2160 sit,
258 2093 688 2164 praedicandum
709 2100 812 2150 est.
845 2109 850 2114 ·
885 2091 1199 2162 Chrysippi,
1238 2093 1307 2147 ad
1330 2094 1620 2147 veritatem
1645 2093 1737 2143 fir·

127 2163 378 2220 missima
399 2171 510 2218 est:
541 2165 613 2218 ad
632 2171 852 2230 tempus
873 2164 1262 2231 aegritudinis,
1284 2163 1541 2218 difficilis.
1613 2161 1735 2213 Ma-

128 2251 298 2306 gnum
318 2245 460 2302 opus
469 2240 570 2296 est,
589 2233 826 2300 probare
837 2233 1127 2295 maerenti,
1144 2231 1656 2293 illunisuoiudicio,
1676 2235 1759 2299 et·

128 2307 275 2374 quod
296 2321 358 2360 se
375 2305 458 2356 ita
474 2307 633 2370 putet
653 2309 910 2371 oportere
931 2302 1135 2366 facere,
1154 2317 1422 2356 maerere.
1458 2300 1734 2353 Nimirum

127 2376 316 2444 igitur,
354 2381 418 2426 ut
439 2375 498 2426 in
519 2374 730 2425 caussis
749 2387 860 2426 non
875 2387 1097 2440 semper
1114 2372 1325 2424 utimur
1342 2369 1537 2426 eodem
1558 2374 1737 2434 statu3

129 2446 234 2508 (sic
265 2445 409 2498 enim
441 2443 789 2512 appellamus
821 2439 1332 2496 'controversiarum
1373 2443 1599 2506 genera)
1636 2454 1697 2495 se

129 2514 202 2566 ad
221 2527 455 2581 tempus,
485 2513 558 2564 ad
588 2512 1002 2566 controversiae
1033 2517 1311 2574 naturum,
1351 2509 1423 2562 ad
1441 2521 1734 2576 personam

126 2582 634 2637 accommodamusz
675 2584 756 2636 sic
787 2583 844 2636 in
866 2581 1215 2652 aegritudine
1250 2578 1531 2643 lenienda,
1572 2594 1732 2646 quam
1835 2607 1853 2620 α

129 2651 360 2724 quisque
381 2651 720 2714 curationem
735 2654 987 2722 recipere
1003 2652 1207 2720 possit,
1237 2649 1535 2708 videndum
1558 2657 1660 2704 cst.
1736 2709 1747 2719 ,
