2087 2914
657 59 814 162 nie.
852 109 932 161 11.
1005 107 1175 162 cAP.
1212 107 1264 162 3.
1284 107 1340 162 4
1554 65 1561 73 ’
1705 101 1808 158 341

195 214 454 282 legerimz
499 214 600 266 sed
631 214 762 280 quia
790 213 1125 279 profitentur
1152 211 1265 278 ipsi
1293 210 1399 272 illi,
1436 211 1530 276 qui
1558 223 1653 262 eos
1674 208 1809 262 scri-

196 285 352 345 bunt,
374 299 433 335 se
453 298 630 350 neque
653 281 934 344 distincte,
956 279 1135 348 neque
1160 280 1481 342 distribute,
1501 293 1676 344 neque
1700 277 1809 330 ele·

194 357 422 422 gauter,
461 367 640 422 neque
673 357 868 404 ornate
899 351 1171 416 scribere3
1211 349 1513 402 lectionem
1542 347 1664 398 sine
1692 346 1815 398 ulla

202 420 577 474 delectatione
599 421 842 490 negligo.
916 420 1065 481 Quid
1086 421 1229 474 enim
1251 419 1441 472 dicant
1463 422 1519 469 et
1540 413 1672 482 quid
1692 430 1812 466 sen-

200 491 354 542 tiant
375 490 435 551 ii,
477 490 720 556 quisunt
741 489 812 542 ab
835 505 902 542 ea
922 489 1232 558 disciplina,
1269 502 1431 542 nemo
1452 484 1813 545 mediocriter

204 557 430 626 quidem
443 557 638 610 doctus
649 559 889 626 ignorat.
925 559 1315 623 Quamobrem,
1339 555 1616 626 quoniam,
1628 569 1814 620 quem-

204 625 507 678 admodum
531 627 739 692 dicant,
756 629 867 696 ipsi
887 645 1000 680 non
1019 630 1307 683 laborant:
1334 643 1431 680 cur
1444 623 1668 694 legendi
1680 624 1813 684 sint,

201 695 318 748 nisi
340 695 475 763 ipsis
494 697 641 750 inter
661 713 748 764 se,
787 699 884 766 qui
903 699 1055 752 idem
1087 700 1361 760 sentiunt,
1401 711 1512 750 non
1534 693 1814 760 intelligo.

201 765 257 818 8.
277 764 440 832 Nam,
469 775 532 818 ut
549 767 842 820 Platonem
863 768 1219 836 reliquosque
1244 767 1561 821 Socraticos
1583 771 1643 818 et
1663 763 1815 816 dein-

204 837 336 901 ce‘ps
377 849 501 897 eos,
541 839 638 902 qui
667 837 736 888 ab
765 831 854 888 his
891 837 1138 903 profecti
1173 844 1303 891 sunt
1318 874 1333 901 ,
1372 837 1567 904 legunt
1606 847 1817 893 omnen,

201 905 378 959 etiam
398 903 494 970 qui
513 904 618 956 illa
639 911 736 959 aut
755 920 868 958 non
891 907 1203 972 approbant
1224 913 1323 957 aut
1341 921 1449 958 non
1472 901 1817 956 studiosissi-

199 989 294 1032 me
327 979 744 1027 consectantur:
789 975 1092 1042 Epicurum
1123 981 1309 1028 autem
1339 979 1397 1026 ct
1426 972 1819 1028 Metrodorum

200 1057 316 1100 non
335 1040 454 1097 fere
475 1049 700 1110 praeter
729 1060 860 1096 suos
881 1045 1175 1112 quisquam
1204 1047 1263 1096 in
1292 1058 1487 1096 manus
1508 1039 1697 1092 sumit:
1734 1039 1819 1095 sic

199 1109 306 1170 hos
325 1109 561 1171 Latinos
581 1113 625 1164 ii
653 1113 760 1166 soli
780 1114 1000 1182 legunt,
1043 1117 1137 1184 qui
1154 1115 1257 1166 illa
1282 1120 1435 1175 recte
1464 1111 1576 1162 dici
1599 1115 1815 1180 putant.

199 1181 592 1238 Nobisautem
613 1183 851 1247 videtur,
893 1184 1163 1252 quidquid
1184 1181 1385 1238 litteris
1412 1181 1723 1244 mandetur,
1756 1177 1817 1230 id

199 1250 584 1314 ,commendari
629 1255 876 1314 omnium
919 1255 1273 1307 eruditorum
1318 1253 1555 1306 lectioni
1597 1251 1814 1304 decere.
1903 1283 1907 1288 -

195 1318 338 1384 Nec,
367 1321 418 1372 si
439 1319 500 1372 id
521 1320 630 1386 ipsi
651 1320 834 1374 minus
857 1325 1123 1392 consequi
1142 1339 1451 1392 possumus,
1478 1320 1689 1372 idcirco
1714 1319 1817 1370 mi-

196 1405 304 1450 ,nus
324 1389 384 1441 id
403 1390 485 1442 ita
505 1387 820 1448 faciendum
851 1404 974 1444 esse
1005 1396 1295 1445 sentimus.
1366 1394 1418 1446 9.
1460 1392 1654 1459 ltaque
1674 1386 1817 1441 mihi
1881 1397 1948 1438 ⁴:-

199 1474 421 1527 semper
449 1460 952 1529 Peripateticorum
983 1460 1427 1529 Academiaeque
1470 1459 1813 1513 consuetudo

201 1528 272 1585 de
295 1530 550 1585 omnibus
571 1532 738 1583 rebus
759 1532 820 1581 in
843 1532 1156 1585 contrarias
1176 1536 1367 1598 partes
1380 1530 1691 1589 disserendi
1705 1544 1817 1581 non

197 1598 273 1651 ob
295 1615 420 1654 eam
444 1614 696 1654 caussam
717 1599 900 1651 solum
919 1598 1160 1664 placuit,
1202 1598 1349 1665 quod
1373 1598 1540 1655 aliter
1560 1612 1670 1665 non
1689 1612 1816 1664 pos-

197 1676 306 1731 set,
337 1668 468 1735 quid
489 1669 546 1725 in
568 1684 682 1720 una
702 1682 918 1735 quaque
939 1678 1002 1719 re
1021 1667 1331 1721 verisimile
1354 1673 1518 1737 esset,
1548 1666 1814 1720 inveniri:

197 1737 300 1794 sed
315 1738 507 1799 etiam,
531 1736 681 1803 quod
701 1742 849 1789 esset
868 1752 936 1792 ea
955 1737 1202 1795 maxima
1225 1735 1448 1787 dicendi
1460 1736 1814 1790 exercitatio-

198 1808 326 1873 Qua
353 1806 608 1874 princeps
639 1822 770 1860 usus
799 1812 885 1859 est
911 1807 1275 1869 Aristoteles,
1317 1804 1517 1863 deinde
1561 1821 1686 1863 eum
1719 1802 1817 1875 qui

195 1876 377 1931 secuti
397 1882 545 1929 sunt.
588 1876 802 1927 Nostra
819 1881 1006 1927 autem
1027 1876 1301 1927 memoria
1322 1874 1503 1939 Philo,
1529 1890 1691 1943 quem
1713 1888 1816 1933 nos

197 1946 523 2015 frequenter
545 1944 871 2007 audivimus,
909 1945 1179 2007 instituit,
1221 1944 1335 1995 alio
1358 1949 1608 2011 tempore
1628 1942 1814 1998 rheto-

197 2031 324 2071 rum
344 2019 646 2086 praecepta
663 2014 911 2077 tradere,
935 2014 1050 2067 alio
1070 2013 1543 2082 philosophorum,
1565 2014 1815 2084 adquam

197 2100 302 2139 nos
325 2084 780 2141 consuetudinem
805 2101 840 2137 a
857 2084 1228 2158 familiaribus
1249 2085 1454 2145 nostris
1477 2084 1721 2149 adducti,
1750 2085 1814 2148 in

197 2155 538 2218 Tusculano,
558 2155 706 2222 quod
730 2154 1028 2207 datumest
1046 2160 1317 2226 temporis
1338 2156 1515 2221 nobis,
1536 2156 1593 2209 in
1606 2172 1672 2209 eo
1688 2169 1813 2206 con-

197 2226 554 2292 sumpsimus.
635 2224 832 2291 Itaque
867 2239 1035 2291 quum
1074 2232 1205 2278 ante
1242 2227 1537 2279 meridiem
1580 2220 1816 2277 dictioni

197 2292 430 2377 ‚operam
455 2292 820 2362 dedissemus,
841 2294 987 2345 sicut
1007 2294 1191 2365 pridie
1208 2294 1544 2361 feceramus:
1564 2297 1693 2361 post
1703 2306 1813 2344 me·

199 2364 404 2418 ndiem
423 2364 484 2415 in
502 2363 857 2417 Academiam
879 2362 1279 2429 descendimus.
1310 2370 1317 2383 ⁸
1349 2366 1413 2417 ln
1436 2378 1545 2427 qua
1564 2362 1813 2427 disputa-

201 2434 410 2487 tionem
423 2432 682 2487 habitam
701 2447 813 2485 non
835 2432 994 2501 quasi
1013 2440 1305 2487 narrantes
1328 2428 1675 2497 exponimus,
1713 2428 1813 2487 sed

199 2502 414 2559 eisdem
435 2504 552 2557 fere
575 2502 778 2567 verbis,
805 2507 865 2553 ut
888 2507 1073 2555 actum
1092 2502 1541 2567 disputatumque
1565 2504 1666 2553 est.
1788 2503 2073 2549 μ’*

302 2572 399 2625 IV.
437 2572 521 2627 10.
543 2576 646 2629 Est
673 2574 850 2655 igitur
877 2569 1293 2625 ambulantibus
1323 2569 1397 2621 ad
1422 2568 1567 2621 hunc
1587 2566 1812 2627 modum
2065 2574 2073 2635 A

195 2658 384 2705 ‚sermo
403 2643 505 2697 ille
523 2642 686 2698 nobis
708 2642 1016 2707 matituna,
1037 2645 1102 2697 et
1118 2655 1153 2694 a
1171 2638 1813 2720 tali.quod‚am,‚in51uctua
2067 2660 2073 2708 1
