2087 2914
511 158 624 210 DE
660 159 1052 212 AMICITIA
1091 158 1255 212 CAP.
1282 155 1467 211 15.16.
1730 154 1799 211 55

199 258 528 329 detrahique
549 262 855 329 patiuntur,
884 266 949 313 ut
968 263 1037 313 iis
1059 261 1228 313 amici
1246 262 1451 329 potius,
1486 276 1647 331 quam
1671 260 1799 329 ipsi,

201 333 476 385 fruantur.
547 331 633 383 58.
655 332 846 383 Altera
867 332 1145 384 sententia
1166 337 1269 393 est,
1293 347 1435 398 quae
1456 330 1648 381 definit
1670 332 1802 383 ami·
1877 356 1885 370 ι

200 402 397 453 citiam
421 401 650 465 paribus
671 400 872 453 officiis
897 416 961 453 ac
982 401 1385 452 voluntatibus.
1430 400 1557 451 Hoc
1576 399 1799 466 quidem

199 476 285 523 cst
307 470 520 537 [nimis]
547 472 747 537 exigue
769 476 825 522 et
841 471 1069 521 exiliter
1084 470 1161 522 -ad
1184 470 1427 521 calculos
1446 484 1649 525 vocare
1672 470 1805 520 ami·

199 540 414 599 citiam,
433 544 499 589 ut
520 555 622 606 par
639 542 714 591 sit
732 540 894 590 ratio*
908 546 1264 607 acceptorum
1284 546 1341 591 et
1363 540 1643 591 datorum.
1714 538 1808 589 Di-

199 610 314 659 tior
341 606 483 658 mihi
513 615 570 661 ct
599 608 916 661 affluentior
943 609 1167 661 videtur
1208 626 1329 661 csse
1366 623 1500 661 vera
1537 608 1806 659 amicitia:

201 692 304 730 nec
329 678 628 730 observare
647 679 928 742 restricte,
967 694 1036 729 ne
1054 680 1186 746 -plus
1204 678 1429 741 reddat,
1472 688 1635 746 quam
1657 692 1809 728 acce-

201 746 369 814 perit.
441 746 634 814 Neque
664 748 811 800 enim
835 747 1142 799 verendum
1164 754 1280 811 cst,
1314 764 1389 800 ne
1410 748 1545 816 quid
1566 746 1807 810 excidat,

201 822 302 867 aut
339 831 408 867 ne
445 816 579 883 quid
608 818 666 868 in
696 822 905 869 terram
935 814 1172 879 defluat,
1214 823 1311 868 aut
1351 834 1421 869 ne
1455 818 1588 883 plus
1628 830 1808 882 aequo

203 886 386 953 [quid]
429 885 500 953 in⁸
527 885 834 937 amici-tiam
863 891 1216 952 congeratur.
1286 885 1372 937 59.
1416 886 1635 938 Tertius
1674 900 1809 937 vero

201 956 302 1007 illc
324 954 448 1004 finis
473 954 830 1015 deterrimus,
871 959 964 1015 ut,
1006 954 1202 1019 quanti
1222 955 1455 1021 quisque
1484 970 1545 1005 sc
1579 955 1699 1019 ipse
1726 954 1811 1004 fa·-

205 1025 336 1086 ciat‚
364 1024 512 1075 tanti
531 1024 633 1075 fiat
655 1024 724 1075 ab
748 1022 958 1074 amicis.
1032 1021 1211 1091 Saepe
1235 1024 1381 1075 enim
1404 1023 1460 1073 in
1481 1022 1809 1090 quibusdam

155 1136 161 1141 .
205 1098 306 1144 aut
330 1094 549 1145 animus
571 1092 849 1145 abiectior
867 1098 970 1155 est,
990 1099 1090 1145 aut
1110 1108 1236 1159 spes
1256 1092 1682 1159 amplificandae
1696 1091 1813 1143 for·

160 1206 164 1211 ,
203 1169 378 1215 tunae
397 1161 648 1215 fractior.
721 1160 849 1213 Non
868 1168 956 1214 cst
986 1163 1165 1231 igitur
1184 1164 1377 1225 amici,
1417 1162 1587 1214 talem
1611 1178 1732 1215 csse
1754 1161 1813 1211 in

205 1246 353 1294 eum,
374 1231 557 1299 qualis
577 1232 674 1284 ille
699 1232 757 1282 in
773 1248 834 1284 se
855 1238 970 1284 estz
1002 1233 1103 1285 sed
1121 1232 1312 1299 pot-ius
1334 1234 1475 1285 eniti
1498 1238 1555 1284 ct
1576 1232 1814 1292 efficere,

204 1309 271 1353 ut
291 1301 459 1351 amici
479 1301 752 1353 iacentem
771 1302 1014 1354 animum
1027 1303 1263 1365 excitet,
1304 1302 1637 1367 inducatque
1660 1316 1811 1368 spem

207 1370 717 1438 cogitationemque
739 1371 1047 1427 meliorem.
1118 1371 1276 1422 Alius
1308 1372 1481 1439 igitur
1502 1371 1627 1421 finis
1647 1384 1815 1423 verae

207 1440 488 1492 amicitiae
517 1440 936 1496 constituendus
959 1446 1073 1504 est,
1112 1441 1162 1492 si
1191 1442 1374 1510 prius,
1416 1441 1547 1509 quid
1572 1441 1813 1494 maxime

206 1507 613 1576 reprehendere
645 1509 832 1576 Scipio
871 1510 1083 1562 solitus
1121 1511 1217 1574 sit,
1260 1512 1471 1564 dix-ero.
1542 1511 1815 1578 Negabat,

205 1579 386 1629 uliam
405 1593 600 1631 vocem
619 1579 986 1631 inimiciorem
1009 1581 1296 1632 amicitiae
1332 1581 1579 1647 potuisse
1607 1578 1815 1646 reperi*-

205 1648 275 1710 ri,
299 1662 463 1714 quam
485 1649 620 1709 eius,
652 1649 749 1714 qui
769 1648 1022 1708 dixisset,
1062 1648 1147 1699 ita
1168 1664 1353 1702 amare
1377 1654 1661 1716 oportere,
1682 1653 1747 1698 ut
1764 1647 1811 1698 si

207 1715 514 1784 aliquando
538 1723 686 1767 esset
709 1731 930 1766 usurus:
962 1731 1066 1768 nec
1083 1732 1217 1769 vero
1240 1733 1301 1770 se
1324 1718 1527 1769 adduci
1545 1732 1729 1784 posse,
1748 1723 1813 1768 ut

205 1785 334 1848 hoc,
355 1784 821 1852 quemadmodum
843 1791 1151 1850 putaretur,
1180 1801 1215 1837 a
1231 1786 1436 1840 Biante
1460 1803 1580 1840 esse
1602 1786 1811 1839 dictum

208 1853 495 1914 crederet,
537 1853 634 1919 qui
663 1853 885 1918 sapiens
916 1851 1319 1907 habitus-esset
1350 1853 1487 1906 unus
1512 1872 1543 1908 e
1572 1862 1811 1923 septcme

207 1924 355 1992 [sed]
386 1922 597 1987 impuri
617 1921 904 1970 cuiusdam
918 1955 934 1982 ,
978 1928 1075 1972 aut
1096 1923 1385 1974 ambitiosi
1419 1930 1517 1975 aut
1536 1925 1720 1976 emnia
1740 1922 1813 1976 ad

205 2008 368 2044 suam
405 1989 719 2059 potentiam
749 1991 1067 2041 revocantis
1102 2007 1223 2044 csse
1246 1993 1595 2046 sententiam.
1663 1994 1815 2056 Quo-

121 2093 146 2110 .
203 2079 336 2114 nam
359 2061 504 2114 enim
527 2059 694 2110 modo
717 2059 1258 2128 quisquam-amicus
1292 2079 1413 2116 esse
1442 2063 1680 2131 po‘teritss
1722 2063 1816 2118 cui

205 2149 268 2184 se
291 2130 515 2198 putabit
535 2130 824 2199 inimicum
847 2145 968 2183 csse
986 2132 1185 2197 posse}
1230 2133 1376 2195 Quin
1396 2135 1567 2188 etiam
1590 2147 1816 2188 necesse

206 2202 334 2263 erit,
377 2215 576 2267 cupere
610 2204 668 2252 ct
696 2204 911 2266 optare,
952 2206 1016 2250 ut
1058 2204 1219 2266 quam
1257 2204 1581 2270 saepissime
1618 2208 1815 2271 peccet

210 2271 443 2332 amicus,
463 2283 572 2336 quo
594 2269 782 2335 plures
805 2269 902 2320 det
923 2269 1030 2320 sibi
1050 2276 1329 2339 tamquam
1350 2289 1513 2324 ansas
1538 2272 1610 2322 ad
1632 2285 1815 2337 reprc-

205 2338 581 2392 hendendumz
621 2351 840 2389 rursum
879 2343 1063 2388 autem
1082 2346 1245 2392 ‘recte
1285 2341 1455 2391 factis
1485 2339 1814 2391 commodis·

209 2425 319 2478 que
350 2409 656 2461 amicorum
695 2418 921 2458 necesse
952 2407 1076 2476 ⁴erit
1114 2410 1262 2476 angi,
1303 2408 1511 2470 dolere,
1548 2408 1813 2461 invidere.

203 2479 296 2532 60.
318 2479 504 2541 Quare
525 2475 631 2528 hoc
653 2475 874 2543 quidem
893 2481 1267 2542 pracceptum,
1291 2478 1685 2545 cuiuscumque
1706 2483 1814 2540 cst,

209 2549 283 2600 ad
303 2547 615 2600 tollendam
639 2545 943 2596 amicitiam
965 2545 1133 2597 vaiet.
1204 2546 1354 2597 Illud
1384 2547 1569 2613 potius
1601 2549 1815 2614 praeci·

207 2617 476 2686 piendum
514 2617 639 2676 fuit,
678 2621 742 2664 ut
783 2627 904 2665 eam
942 2614 1303 2681 diligentiam,
1334 2613 1719 2668 adhiberemus
1754 2618 1815 2666 in

211 2687 478 2742 amicitiis
500 2681 902 2750 comparandis,
923 2688 988 2734 ut
1007 2684 1319 2752 nequando
1345 2699 1533 2739 amare
1551 2684 1815 2752 inciperc-
