2087 2914
449 158 568 217 ,DE
605 160 990 212 AMICITIA
1029 160 1196 213 CAP.
1236 157 1319 213 11.
1352 158 1435 213 12.
1672 162 1741 215 49

145 260 231 313 39.
269 258 534 311 Videmus
568 260 777 328 Papum
809 262 1098 315 Aemilium
1138 264 1197 314 C.
1227 262 1466 315 Luscino
1507 264 1744 316 familia·

143 345 262 381 rem
285 326 477 391 fuisse,
503 331 618 390 (sic
640 346 673 381 a
695 332 946 398 patribus
969 332 1335 399 mepimusst
1372 332 1459 383 bis
1478 348 1587 385 una
1609 335 1746 387 Con·

142 398 315 461 sulec,
352 404 410 449 et
432 398 680 466 collegas
701 402 757 450 in
781 398 1061 453 Censura:¹
1094 410 1210 453 tum
1235 407 1291 453 et
1312 418 1434 453 cum
1458 402 1553 463 iis,
1593 408 1648 453 et
1668 402 1748 453 in-

145 474 236 519 ter
269 482 358 529 se,
399 467 880 520 coniunctissimos
901 468 1075 523 fuisse
1096 472 1182 523 Μ’
1206 472 1429 523 Curium
1460 477 1516 521 et
1536 470 1623 521 Ti.
1647 470 1747 521 Co·

141 537 494 599 runcanium,
524 537 824 589 memoriae
844 538 1126 605 proditum
1149 547 1250 593 est.
1288 541 1465 609 Igitur
1484 540 1553 591 n'e
1574 538 1749 604 suspi-

144 605 262 657 cari
284 604 510 672 quidem
533 622 854 673 possumus,
897 624 1221 677 quemquam
1252 608 1445 659 horum
1478 608 1547 660 ab
1566 609 1748 667 amico

145 675 433 741 quippiam
459 676 825 740 contendisse,
838 678 980 743 quod
1003 686 1200 730 contra
1223 679 1403 740 fidem,
1427 682 1621 732 contra
1641 678 1751 728 ius-

143 744 462 806 iurandum,
489 753 682 797 contra
703 746 1101 818 rempublicam
1125 756 1287 799 esset.
1344 748 1484 799 Nam
1509 746 1614 798 hoc
1636 745 1751 814 qui-

146 812 274 864 dem
301 813 359 863 in
382 814 590 865 talibus
619 816 755 866 viris
802 815 931 881 quid
966 816 1172 867 attinet
1203 818 1410 869 dicere:
1456 818 1500 868 si
1530 815 1754 883 'conten-

144 882 336 945 dissem
370 884 799 951 impetraturum
817 898 927 934 non
950 884 1149 947 fuisse-‚3
1182 901 1344 951 quum
1366 886 1450 935 ini
1474 884 1752 935 sanctissi-

143 952 222 1003 mi
245 951 352 1002 viri
372 950 620 1017 fuerint,⁸
636 966 812 1020 aeque
833 958 1014 1004 autem
1039 954 1198 1004 nefas
1216 954 1308 1015 sit,
1332 955 1445 1005 tale
1468 952 1675 1018 aliquid
1696 956 1752 1003 et

144 1022 333 1088 facere
365 1022 650 1088 rogatum,
694 1028 752 1073 et
782 1022 1020 1089 rogaret
1058 1024 1130 1082 At
1159 1036 1293 1073 vero
1327 1022 1416 1074 Ti.
1442 1020 1750 1073 Gracchum
1812 1067 1823 1077 ,

145 1090 521 1157 sequebantur
541 1092 599 1144 C.
612 1092 811 1155 Carbo,
831 1094 892 1144 C.
907 1094 1063 1155 Cute,
1085 1097 1143 1143 et
1155 1091 1379 1143 minime
1400 1098 1515 1143 tum
1531 1090 1750 1158 quidem

146 1161 314 1210 Caius
333 1160 536 1223 frater,
575 1177 720 1213 nunc
749 1161 894 1213 idem
919 1164 1239 1214 acerrimus,
1311 1162 1432 1215 XII.
1468 1161 1556 1213 40.
1594 1162 1751 1219 Haec

146 1230 436 1297 igitur·lex
455 1231 512 1292 in
529 1232 779 1283 amicitia
800 1232 1098 1295 sanciatur,
1110 1239 1173 1283 ut
1194 1246 1370 1299 neque
1390 1246 1649 1299 rogemus
1662 1246 1753 1281 res

147 1306 356 1366 turpes,
377 1302 479 1352 nec
499 1300 767 1353 faciamus
789 1303 993 1369 rogati.
1067 1304 1272 1369 Turpis
1296 1302 1438 1354 enim
1465 1300 1759 1359 excusatio

149 1376 236 1421 est
265 1375 322 1420 et
351 1370 578 1422 minime
601 1368 950 1437 accipienda,
995 1387 1157 1439 quum
1186 1374 1245 1423 in
1268 1371 1467 1423 ceteris
1491 1370 1753 1437 peccatis,

148 1446 264 1491 tum
297 1439 343 1490 si
379 1440 498 1506 quis
526 1445 724 1493 contra
751 1441 1149 1509 rempublicam
1182 1459 1242 1495 se
1266 1441 1429 1494 amici
1458 1450 1653 1493 caussa
1674 1438 1753 1492 fe·

147 1510 290 1561 cisse
311 1508 574 1562 fateatur.
647 1511 868 1563 Etenim
897 1527 962 1563 eo
986 1512 1112 1564 loco
1132 1549 1147 1575 ‚
1188 1512 1367 1563 Fanni
1391 1517 1445 1563 et
1465 1509 1754 1572 Scaevissa,

144 1579 326 1632 locati
347 1576 552 1662 sfimtff
621 1587 767 1632 tuos
791 1580 956 1650 longe
979 1582 1299 1648 prospicere
1324 1584 1588 1648 oporteat
1610 1578 1754 1630 futu·

143 1663 241 1700 ros
264 1663 426 1700 casus
445 1595 799 1769 riiffiicae.
873 1648 1116 1703 Deflexit
1140 1650 1424 1702 enim‘iam
1446 1648 1757 1715 aliquantu·

143 1718 262 1769 lum
309 1715 376 1769 de
419 1733 480 1784 sp
522 1730 524 1732 ’
645 1718 1028 1788 curriculoque
1080 1719 1425 1772 consuetudo
1468 1719 1754 1771 maiorum.

143 1789 236 1839 Ti.
261 1785 543 1838 Gracchus
576 1803 1109 1857 regnumqoccupare
1143 1796 1377 1842 conatus
1410 1795 1521 1849 est3
1559 1788 1648 1838 vel
1672 1802 1756 1838 re-

141 1857 342 1925 gnavit
372 1857 423 1907 is
453 1857 675 1924 quidem
706 1873 914 1926 paucos
933 1875 1167 1910 menses·
1243 1857 1333 1915 412
1366 1857 1513 1908 Num
1535 1855 1664 1923 quid
1688 1855 1759 1906 si·

141 1926 279 1978 mile.
317 1927 556 1992 popu'lus
577 1927 860 1978 Romanus
891 1927 1147 1978 audierat
1176 1931 1274 1978 aut
1293 1927 1549 1978 viderat}
1568 1925 1758 1998 ‚Hunc

143 1997 314 2048 etiam
337 2001 465 2061 post
484 2001 720 2050 mortem
742 1995 918 2048 secuti
942 1997 1111 2048 amici
1133 2003 1189 2048 et
1208 1995 1521 2065 propinqui,
1547 1994 1675 2064 quid
1697 1995 1753 2045 in

144 2064 204 2116 P.
228 2065 544 2131 Scipionem
567 2065 880 2129 effecerint,
917 2067 1036 2120 sine
1056 2067 1298 2119 lacrimis
1318 2081 1425 2118 non
1449 2081 1589 2132 queo
1613 2065 1753 2116 dice-

147 2150 225 2186 re.
285 2135 429 2186 Nam
450 2137 758 2188 Carbonem
779 2151 998 2204 quoquo
1021 2138 1187 2189 modo
1208 2137 1502 2206 potuimu3‚
1522 2140 1754 2208 propter

146 2209 428 2256 recentem
459 2218 693 2271 poenam
717 2206 806 2258 Ti.
829 2204 1108 2272 Gracchi,
1128 2206 1513 2258 sustinuimus„
1584 2205 1671 2255 De
1695 2205 1753 2254 C.

147 2273 390 2326 Gracchi
411 2280 595 2327 autem
617 2276 932 2329 Tribunatu
954 2275 1087 2342 quid
1108 2282 1441 2343 exspectem,
1478 2287 1589 2324 non
1612 2272 1755 2323 libet

146 2344 435 2412 augurari.
473 2343 658 2412 Serpit
681 2344 878 2397 deinde
900 2359 1016 2396 res:
1060 2360 1201 2411 quae
1220 2341 1521 2412 proclivius
1543 2341 1613 2392 ad
1636 2347 1757 2406 per·

145 2415 364 2478 niciem,
387 2416 552 2482 quum
576 2414 750 2467 semel
769 2415 974 2482 coepit,
1013 2414 1239 2466 labitur.
1312 2410 1553 2476 Quietis,
1596 2408 1657 2459 in
1677 2413 1759 2461 ta·-

145 2484 303 2536 bella
323 2485 440 2535 iam
463 2490 590 2536 ante
613 2489 820 2552 quanta
840 2485 915 2535 sit
935 2483 1091 2536 facta
1112 2483 1283 2543 labec,
1313 2479 1493 2545 primo
1518 2478 1759 2532 Gabinia

145 2553 293 2622 lege,
313 2553 538 2606 biennio
563 2559 748 2606 autem
770 2559 916 2620 post,
939 2553 1149 2605 Cassia,
1202 2549 1411 2602 Videre
1432 2548 1543 2599 iam
1563 2547 1761 2600 videor

146 2623 420 2692 populum
443 2639 478 2676 a
499 2624 704 2677 Senatu
727 2621 1082 2686 disiunctum,
1116 2615 1596 2686 multitudinisque
1618 2615 1761 2666 arbi·

145 2695 262 2748 trio
284 2707 375 2746 res
397 2693 667 2746 maximas
687 2693 798 2762 agi.
851 2693 1050 2746 Plures
1072 2690 1213 2744 enim
1238 2688 1469 2750 discent,
1500 2681 1756 2753 quemad·

221 2766 344 2818 th.
368 2763 542 2818 Or..X
1294 2755 1345 2805 Ῑ)
